time,type,orderID,size,price,direction,askPrice,askSize,bidPrice,bidSize
34200.01746,5,0,1,2238200,-1,2239500,100,2231800,100
34200.18961,1,11885113,21,2238100,1,2239500,100,2238100,21
34200.19023,4,11885113,21,2238100,1,2239500,100,2237500,100
34200.19023,4,11534792,26,2237500,1,2239500,100,2237500,74
34200.37278,5,0,100,2238400,-1,2239500,100,2237500,74
34200.37567,5,0,100,2238400,-1,2239500,100,2237500,74
34200.38397,5,0,100,2238600,-1,2239500,100,2237500,74
34200.38582,5,0,100,2238600,-1,2239500,100,2237500,74
34200.38721,5,0,100,2239200,-1,2239500,100,2237500,74
34200.38846,5,0,100,2239300,-1,2239500,100,2237500,74
34200.39141,4,14585251,100,2239500,-1,2239600,306,2237500,74
34200.39141,4,3911376,20,2239600,-1,2239600,286,2237500,74
34200.39141,4,16202496,286,2239600,-1,2239900,100,2237500,74
34200.39348,4,2135294,100,2239900,-1,2240000,1451,2237500,74
34200.39441,1,16207239,100,2239900,-1,2239900,100,2237500,74
34200.39846,5,0,100,2239700,-1,2239900,100,2237500,74
34200.3986,5,0,100,2239700,-1,2239900,100,2237500,74
34200.40033,5,0,100,2239700,-1,2239900,100,2237500,74
34200.40153,5,0,10,2239700,-1,2239900,100,2237500,74
34200.40153,4,16207239,90,2239900,-1,2239900,10,2237500,74
34200.40192,1,16208720,50,2239900,-1,2239900,60,2237500,74
34200.40301,4,16207239,10,2239900,-1,2239900,50,2237500,74
34200.40301,4,16208720,50,2239900,-1,2240000,1451,2237500,74
34200.40301,4,1365373,13,2240000,-1,2240000,1438,2237500,74
34200.40301,4,1847685,27,2240000,-1,2240000,1411,2237500,74
34200.40788,4,1847685,73,2240000,-1,2240000,1338,2237500,74
34200.40788,4,2051705,20,2240000,-1,2240000,1318,2237500,74
34200.40788,4,3578212,4,2240000,-1,2240000,1314,2237500,74
34200.40788,4,3581197,3,2240000,-1,2240000,1311,2237500,74
34200.41105,4,3581197,7,2240000,-1,2240000,1304,2237500,74
34200.41105,4,3591155,50,2240000,-1,2240000,1254,2237500,74
34200.41105,4,3689544,43,2240000,-1,2240000,1211,2237500,74
34200.41206,4,3689544,57,2240000,-1,2240000,1154,2237500,74
34200.41206,4,3920363,6,2240000,-1,2240000,1148,2237500,74
34200.41206,4,3920364,23,2240000,-1,2240000,1125,2237500,74
34200.41206,4,3920367,6,2240000,-1,2240000,1119,2237500,74
34200.41206,4,3920371,54,2240000,-1,2240000,1065,2237500,74
34200.41206,4,3920373,54,2240000,-1,2240000,1011,2237500,74
34200.4172,4,3920374,15,2240000,-1,2240000,996,2237500,74
34200.4172,4,4631442,76,2240000,-1,2240000,920,2237500,74
34200.4172,4,4631569,20,2240000,-1,2240000,900,2237500,74
34200.4172,4,4632895,15,2240000,-1,2240000,885,2237500,74
34200.4172,4,4632989,10,2240000,-1,2240000,875,2237500,74
34200.4172,4,10054324,25,2240000,-1,2240000,850,2237500,74
34200.4172,4,11349573,100,2240000,-1,2240000,750,2237500,74
34200.4172,4,11830089,50,2240000,-1,2240000,700,2237500,74
34200.4172,4,12490851,183,2240000,-1,2240000,517,2237500,74
34200.41981,4,12490851,100,2240000,-1,2240000,417,2237500,74
34200.53842,4,12490851,200,2240000,-1,2240000,217,2237500,74
34200.55374,5,0,100,2239700,1,2240000,217,2237500,74
34200.56794,4,12490851,17,2240000,-1,2240000,200,2237500,74
34200.56794,4,13561719,100,2240000,-1,2240000,100,2237500,74
34200.56794,4,14482478,100,2240000,-1,2242400,20,2237500,74
34200.56794,5,0,69,2240000,-1,2242400,20,2237500,74
34200.56824,1,16240373,100,2240000,-1,2240000,100,2237500,74
34200.57041,4,16240373,100,2240000,-1,2242400,20,2237500,74
34200.57041,5,0,190,2240000,-1,2242400,20,2237500,74
34200.57041,5,0,10,2240000,-1,2242400,20,2237500,74
34200.57071,1,16240856,100,2240000,-1,2240000,100,2237500,74
34200.57403,4,16240856,100,2240000,-1,2242400,20,2237500,74
34200.5744,1,16241642,100,2240000,-1,2240000,100,2237500,74
34200.63135,1,16252480,100,2239500,-1,2239500,100,2237500,74
34200.77153,4,16252480,100,2239500,-1,2240000,100,2237500,74
34200.77191,1,16275687,75,2239500,-1,2239500,75,2237500,74
34200.87379,1,16289323,100,2238400,1,2239500,75,2238400,100
34200.87491,4,16289323,100,2238400,1,2239500,75,2237500,74
34200.88178,1,16290483,100,2238400,1,2239500,75,2238400,100
34200.8915,4,16275687,15,2239500,-1,2239500,60,2238400,100
34201.29095,1,16352638,100,2238600,-1,2238600,100,2238400,100
34201.29141,4,16352638,100,2238600,-1,2239500,60,2238400,100
34201.37144,4,16275687,60,2239500,-1,2240000,100,2238400,100
34201.39534,4,16241642,100,2240000,-1,2242400,20,2238400,100
34201.39534,5,0,90,2240000,-1,2242400,20,2238400,100
34202.01207,5,0,100,2238800,1,2242400,20,2238400,100
34202.01278,5,0,100,2238800,1,2242400,20,2238400,100
34202.02828,5,0,100,2238800,1,2242400,20,2238400,100
34202.27905,3,16290483,100,2238400,1,2242400,20,2237900,100
34202.27905,1,16451737,100,2238900,1,2242400,20,2238900,100
34203.87899,1,16610191,100,2242000,-1,2242000,100,2238900,100
34204.25605,5,0,100,2239200,1,2242000,100,2238900,100
34204.35493,3,16610191,100,2242000,-1,2242400,20,2238900,100
34204.35493,1,16657800,100,2241600,-1,2241600,100,2238900,100
34204.41447,5,0,80,2239100,1,2241600,100,2238900,100
34204.4767,3,16657800,100,2241600,-1,2242400,20,2238900,100
34204.4767,1,16667397,100,2241300,-1,2241300,100,2238900,100
34204.57276,5,0,40,2239100,1,2241300,100,2238900,100
34204.65231,1,16681306,1100,2241000,-1,2241000,1100,2238900,100
34204.76392,1,16692138,100,2241000,-1,2241000,1200,2238900,100
34205.10426,3,16692138,100,2241000,-1,2241000,1100,2238900,100
34205.10426,1,16723342,100,2240800,-1,2240800,100,2238900,100
34205.10482,1,16723399,220,2240800,-1,2240800,320,2238900,100
34205.10583,3,16723399,220,2240800,-1,2240800,100,2238900,100
34205.1071,1,16723613,220,2240800,-1,2240800,320,2238900,100
34205.1081,3,16723613,220,2240800,-1,2240800,100,2238900,100
34205.1094,1,16723877,220,2240800,-1,2240800,320,2238900,100
34205.10975,1,16723916,155,2240800,-1,2240800,475,2238900,100
34205.11047,3,16723877,220,2240800,-1,2240800,255,2238900,100
34205.1621,1,16728917,100,2240700,-1,2240700,100,2238900,100
34205.19778,1,16732821,100,2238900,1,2240700,100,2238900,200
34205.3043,5,0,35,2239000,1,2240700,100,2238900,200
34205.51395,1,16763343,100,2240500,-1,2240500,100,2238900,200
34205.62166,5,0,37,2239000,1,2240500,100,2238900,200
34205.62175,5,0,128,2239000,1,2240500,100,2238900,200
34205.62175,5,0,72,2239000,1,2240500,100,2238900,200
34205.88822,3,16763343,100,2240500,-1,2240700,100,2238900,200
34205.88822,1,16797917,100,2240300,-1,2240300,100,2238900,200
34205.91945,1,16799433,100,2240200,-1,2240200,100,2238900,200
34206.15154,1,16811014,100,2240200,-1,2240200,200,2238900,200
34206.55539,1,16830499,100,2238900,1,2240200,200,2238900,300
34207.02466,5,0,10,2239300,1,2240200,200,2238900,300
34207.02466,5,0,28,2239000,1,2240200,200,2238900,300
34207.02466,5,0,26,2239000,1,2240200,200,2238900,300
34207.23254,3,16732821,100,2238900,1,2240200,200,2238900,200
34207.23265,5,0,74,2239000,1,2240200,200,2238900,200
34207.23265,5,0,113,2239000,1,2240200,200,2238900,200
34207.23265,4,16451737,13,2238900,1,2240200,200,2238900,187
34207.27207,3,16451737,87,2238900,1,2240200,200,2238900,100
34207.27207,1,16866136,87,2239000,1,2240200,200,2239000,87
34207.31216,3,16866136,87,2239000,1,2240200,200,2238900,100
34207.31216,1,16867608,87,2239100,1,2240200,200,2239100,87
34207.3195,4,16799433,71,2240200,-1,2240200,129,2239100,87
34207.35959,4,16799433,29,2240200,-1,2240200,100,2239100,87
34207.35959,4,16811014,71,2240200,-1,2240200,29,2239100,87
34207.40968,3,16867608,87,2239100,1,2240200,29,2238900,100
34207.40968,1,16873976,87,2239200,1,2240200,29,2239200,87
34207.71831,3,16811014,29,2240200,-1,2240700,100,2239200,87
34207.71831,1,16887475,29,2240700,-1,2240700,129,2239200,87
34208.99603,1,16929385,77,2239200,1,2240700,129,2239200,164
34209.33946,1,16943725,100,2239200,1,2240700,129,2239200,264
34209.70973,3,16887475,29,2240700,-1,2240700,100,2239200,264
34209.70973,1,16954459,29,2240600,-1,2240600,29,2239200,264
34209.76668,3,16954459,29,2240600,-1,2240700,100,2239200,264
34209.76668,1,16956634,29,2240700,-1,2240700,129,2239200,264
34209.78733,3,16956634,29,2240700,-1,2240700,100,2239200,264
34209.78733,1,16958151,29,2240500,-1,2240500,29,2239200,264
34210.20649,1,16984035,100,2239200,1,2240500,29,2239200,364
34210.51521,3,16958151,29,2240500,-1,2240700,100,2239200,364
34210.51521,1,17004982,29,2240400,-1,2240400,29,2239200,364
34210.70647,3,17004982,29,2240400,-1,2240700,100,2239200,364
34210.70647,1,17017091,29,2240300,-1,2240300,29,2239200,364
34210.91042,3,17017091,29,2240300,-1,2240700,100,2239200,364
34210.91042,1,17030256,29,2240400,-1,2240400,29,2239200,364
34210.96698,4,17030256,29,2240400,-1,2240700,100,2239200,364
34210.96698,5,0,71,2240400,-1,2240700,100,2239200,364
34211.61861,1,17063006,400,2240700,-1,2240700,500,2239200,364
34211.94311,4,16728917,100,2240700,-1,2240700,400,2239200,364
34211.94311,4,17063006,300,2240700,-1,2240700,100,2239200,364
34211.96704,4,17063006,100,2240700,-1,2241000,1100,2239200,364
34211.96797,4,16681306,100,2241000,-1,2241000,1000,2239200,364
34211.97017,4,16681306,100,2241000,-1,2241000,900,2239200,364
34212.16169,1,17084297,100,2239300,1,2241000,900,2239300,100
34212.1651,3,16681306,900,2241000,-1,2242400,20,2239300,100
34212.16532,5,0,317,2239500,1,2242400,20,2239300,100
34212.16532,5,0,100,2239400,1,2242400,20,2239300,100
34212.16532,4,17084297,100,2239300,1,2242400,20,2239200,364
34212.16532,5,0,112,2239300,1,2242400,20,2239200,364
34212.16532,5,0,203,2239300,1,2242400,20,2239200,364
34212.37438,1,17094470,100,2240900,1,2242400,20,2240900,100
34212.37604,1,17094575,100,2240900,1,2242400,20,2240900,200
34212.37613,3,17094470,100,2240900,1,2242400,20,2240900,100
34212.37613,1,17094576,100,2241300,1,2242400,20,2241300,100
34212.37645,4,17094576,100,2241300,1,2242400,20,2240900,100
34212.37748,3,17094575,100,2240900,1,2242400,20,2239200,364
34212.46171,3,16943725,100,2239200,1,2242400,20,2239200,264
34212.48796,1,17097634,100,2240900,1,2242400,20,2240900,100
34212.53005,1,17099230,87,2240900,1,2242400,20,2240900,187
34212.5771,3,17097634,100,2240900,1,2242400,20,2240900,87
34212.67796,3,17099230,87,2240900,1,2242400,20,2239200,177
34212.67796,1,17103292,87,2239300,1,2242400,20,2239300,87
34213.1868,1,17118179,100,2240900,1,2242400,20,2240900,100
34213.22785,1,17119109,87,2240900,1,2242400,20,2240900,187
34213.32426,1,17121862,100,2240900,1,2242400,20,2240900,287
34215.15212,1,17169116,100,2240900,1,2242400,20,2240900,387
34215.18045,1,17170140,100,2240900,1,2242400,20,2240900,487
34215.77822,4,11561639,20,2242400,-1,2242500,100,2240900,487
34215.77822,4,14665565,80,2242500,-1,2242500,20,2240900,487
34217.85283,4,14665565,20,2242500,-1,2242900,500,2240900,487
34217.88766,5,0,220,2242700,-1,2242900,500,2240900,487
34219.12771,4,17209080,10,2242900,-1,2242900,490,2240900,487
34219.37665,4,17209080,200,2242900,-1,2242900,290,2240900,487
34219.51685,4,17209080,200,2242900,-1,2242900,90,2240900,487
34219.5171,1,17329820,100,2242900,-1,2242900,190,2240900,487
34219.52994,5,0,80,2242800,-1,2242900,190,2240900,487
34220.23316,1,17358208,77,2240900,1,2242900,190,2240900,564
34220.30313,3,17329820,100,2242900,-1,2242900,90,2240900,564
34220.30313,3,17209080,90,2242900,-1,2243000,500,2240900,564
34220.32146,3,17121862,100,2240900,1,2243000,500,2240900,464
34220.53411,1,17365824,1,2243000,-1,2243000,501,2240900,464
34221.5968,4,3579342,100,2243000,-1,2243000,401,2240900,464
34222.16529,4,3579342,100,2243000,-1,2243000,301,2240900,464
34223.27963,4,3579342,100,2243000,-1,2243000,201,2240900,464
34223.28024,4,3579342,80,2243000,-1,2243000,121,2240900,464
34223.28054,4,3579342,100,2243000,-1,2243000,21,2240900,464
34223.28064,4,3579342,20,2243000,-1,2243000,1,2240900,464
34223.28064,4,17365824,1,2243000,-1,2244500,100,2240900,464
34223.36746,4,16451084,100,2244500,-1,2244900,100,2240900,464
34223.36771,1,17454308,100,2244500,-1,2244500,100,2240900,464
34226.01871,1,17523948,100,2244500,-1,2244500,200,2240900,464
34226.0254,1,17524292,100,2240900,1,2244500,200,2240900,564
34226.02753,3,17524292,100,2240900,1,2244500,200,2240900,464
34227.23865,1,17556978,100,2244500,-1,2244500,300,2240900,464
34228.0066,3,17523948,100,2244500,-1,2244500,200,2240900,464
34228.06836,5,0,93,2244400,-1,2244500,200,2240900,464
34228.39788,5,0,25,2244400,-1,2244500,200,2240900,464
34228.60901,3,17556978,100,2244500,-1,2244500,100,2240900,464
34228.61104,1,17654389,100,2244500,-1,2244500,200,2240900,464
34228.61156,3,17118179,100,2240900,1,2244500,200,2240900,364
34228.61314,1,17654460,100,2240900,1,2244500,200,2240900,464
34228.61402,3,17654460,100,2240900,1,2244500,200,2240900,364
34229.06498,1,17669020,100,2240900,1,2244500,200,2240900,464
34229.06721,3,17669020,100,2240900,1,2244500,200,2240900,364
34229.32431,3,17358208,77,2240900,1,2244500,200,2240900,287
34229.34364,1,17678897,77,2241000,1,2244500,200,2241000,77
34229.34512,1,17678938,100,2241000,1,2244500,200,2241000,177
34229.35054,3,17678938,100,2241000,1,2244500,200,2241000,77
34229.35625,1,17679258,100,2241000,1,2244500,200,2241000,177
34229.85305,1,17693590,87,2241000,1,2244500,200,2241000,264
34229.93141,1,17695622,100,2241100,1,2244500,200,2241100,100
34229.93295,1,17695670,100,2241100,1,2244500,200,2241100,200
34230.01376,1,17700167,87,2241100,1,2244500,200,2241100,287
34230.47807,1,17720413,100,2241100,1,2244500,200,2241100,387
34230.68975,5,0,100,2241800,1,2244500,200,2241100,387
34232.51386,5,0,200,2241400,1,2244500,200,2241100,387
34232.51386,5,0,100,2241300,1,2244500,200,2241100,387
34232.5202,3,17695670,100,2241100,1,2244500,200,2241100,287
34232.52181,1,17791392,100,2241500,1,2244500,200,2241500,100
34232.57369,1,17794177,100,2242900,1,2244500,200,2242900,100
34232.57382,4,17794177,100,2242900,1,2244500,200,2241500,100
34232.57476,3,17791392,100,2241500,1,2244500,200,2241100,287
34232.6553,3,17720413,100,2241100,1,2244500,200,2241100,187
34232.67215,1,17796697,100,2241500,1,2244500,200,2241500,100
34232.93573,1,17802947,87,2241500,1,2244500,200,2241500,187
34233.07568,1,17808169,100,2241800,1,2244500,200,2241800,100
34233.08545,3,17808169,100,2241800,1,2244500,200,2241500,187
34233.22183,3,17802947,87,2241500,1,2244500,200,2241500,100
34233.22183,1,17813325,87,2241800,1,2244500,200,2241800,87
34233.25663,3,17813325,87,2241800,1,2244500,200,2241100,100
34233.25663,1,17814130,87,2241700,1,2244500,200,2241700,87
34233.40822,3,17814130,87,2241700,1,2244500,200,2241100,100
34233.40822,1,17822817,87,2241500,1,2244500,200,2241500,87
34233.41783,1,17823745,100,2241800,1,2244500,200,2241800,100
34233.43259,1,17824285,100,2241800,1,2244500,200,2241800,200
34233.47389,3,17823745,100,2241800,1,2244500,200,2241800,100
34233.61914,1,17831626,100,2242100,1,2244500,200,2242100,100
34233.62823,3,17831626,100,2242100,1,2244500,200,2241800,100
34233.62973,3,17824285,100,2241800,1,2244500,200,2241500,100
34233.62973,1,17832110,100,2242100,1,2244500,200,2242100,100
34233.76491,1,17835914,100,2242400,1,2244500,200,2242400,100
34233.76978,1,17836088,100,2242400,1,2244500,200,2242400,200
34233.91557,5,0,38,2242500,1,2244500,200,2242400,200
34233.91565,5,0,29,2242500,1,2244500,200,2242400,200
34233.91565,4,17835914,100,2242400,1,2244500,200,2242400,100
34233.91565,4,17836088,71,2242400,1,2244500,200,2242400,29
34233.91578,4,17836088,29,2242400,1,2244500,200,2241100,100
34234.16404,1,17851126,100,2241500,1,2244500,200,2241500,100
34234.38448,1,17866270,300,2244200,-1,2244200,300,2241500,100
34234.38713,1,17866342,100,2244200,-1,2244200,400,2241500,100
34235.01239,1,17889188,100,2241500,1,2244200,400,2241500,200
34237.49074,3,17851126,100,2241500,1,2244200,400,2241500,100
34237.49234,1,17963067,100,2242500,1,2244200,400,2242500,100
34237.49551,3,17963067,100,2242500,1,2244200,400,2241500,100
34237.6355,1,17967562,67,2242500,1,2244200,400,2242500,67
34240.00875,3,17866270,300,2244200,-1,2244200,100,2242500,67
34240.01109,1,18040154,100,2242500,1,2244200,100,2242500,167
34240.01169,1,18040192,100,2244200,-1,2244200,200,2242500,167
34240.02292,4,17967562,67,2242500,1,2244200,200,2242500,100
34240.02292,4,18040154,100,2242500,1,2244200,200,2241500,100
34240.02292,5,0,133,2242500,1,2244200,200,2241500,100
34240.02316,1,18040889,100,2242500,1,2244200,200,2242500,100
34240.02656,4,18040889,100,2242500,1,2244200,200,2241000,77
34240.02683,1,18041087,100,2242500,1,2244200,200,2242500,100
34240.34484,1,18049859,77,2242500,1,2244200,200,2242500,177
34241.52156,5,0,100,2242600,1,2244200,200,2242500,177
34241.69971,4,18041087,100,2242500,1,2244200,200,2242500,77
34241.69996,1,18082568,100,2242500,1,2244200,200,2242500,177
34242.00926,3,18040192,100,2244200,-1,2244200,100,2242500,177
34242.01626,4,18049859,77,2242500,1,2244200,100,2242500,100
34242.01626,4,18082568,23,2242500,1,2244200,100,2242500,77
34242.01648,1,18089311,100,2242500,1,2244200,100,2242500,177
34244.43091,4,18082568,77,2242500,1,2244200,100,2242500,100
34244.43091,4,18089311,23,2242500,1,2244200,100,2242500,77
34244.43116,1,18148394,31,2242500,1,2244200,100,2242500,108
34244.43389,4,18089311,77,2242500,1,2244200,100,2242500,31
34244.43389,4,18148394,23,2242500,1,2244200,100,2242500,8
34244.43401,4,18148394,8,2242500,1,2244200,100,2241800,100
34244.43778,4,18041637,100,2241800,1,2244200,100,2240000,10
34244.56913,5,0,100,2242000,-1,2244200,100,2240000,10
34245.25642,1,18172812,16,2241300,1,2244200,100,2241300,16
34245.51219,1,18178733,200,2241900,-1,2241900,200,2241300,16
34245.51236,4,18172812,16,2241300,1,2241900,200,2240000,10
34245.51287,4,18178733,200,2241900,-1,2244200,100,2240000,10
34245.51322,3,17866342,100,2244200,-1,2244500,100,2240000,10
34245.51331,1,18178856,200,2241900,1,2244500,100,2241900,200
34245.51333,1,18178858,200,2241900,1,2244500,100,2241900,400
34245.51334,1,18178865,200,2241900,1,2244500,100,2241900,600
34245.51506,1,18179205,100,2244500,-1,2244500,200,2241900,600
34245.95476,3,18178865,200,2241900,1,2244500,200,2241900,400
34245.9666,3,18178858,200,2241900,1,2244500,200,2241900,200
34246.03358,1,18193981,200,2244200,-1,2244200,200,2241900,200
34246.03614,1,18194101,100,2244200,-1,2244200,300,2241900,200
34246.21855,3,18178856,200,2241900,1,2244200,300,2240000,10
34250.00598,3,18193981,200,2244200,-1,2244200,100,2240000,10
34250.01699,3,17455154,10,2240000,1,2244200,100,2238600,100
34250.01712,1,18286174,10,2239400,1,2244200,100,2239400,10
34250.01804,3,18286174,10,2239400,1,2244200,100,2238600,100
34250.01816,1,18286315,10,2239100,1,2244200,100,2239100,10
34250.01885,3,18286315,10,2239100,1,2244200,100,2238600,100
34250.01897,1,18286630,10,2239500,1,2244200,100,2239500,10
34250.02134,3,18286630,10,2239500,1,2244200,100,2238600,100
34250.02145,1,18287021,10,2239000,1,2244200,100,2239000,10
34250.02264,3,18287021,10,2239000,1,2244200,100,2238600,100
34250.02274,1,18287108,10,2240000,1,2244200,100,2240000,10
34250.02579,3,18287108,10,2240000,1,2244200,100,2238600,100
34250.0259,1,18287319,10,2239000,1,2244200,100,2239000,10
34250.02817,3,18287319,10,2239000,1,2244200,100,2238600,100
34250.0283,1,18287475,10,2239100,1,2244200,100,2239100,10
34250.03948,3,18287475,10,2239100,1,2244200,100,2238600,100
34250.0396,1,18288158,10,2239200,1,2244200,100,2239200,10
34250.04306,3,18288158,10,2239200,1,2244200,100,2238600,100
34250.04317,1,18288309,10,2239000,1,2244200,100,2239000,10
34250.04507,3,18288309,10,2239000,1,2244200,100,2238600,100
34250.04518,1,18288361,10,2239100,1,2244200,100,2239100,10
34250.0618,3,18288361,10,2239100,1,2244200,100,2238600,100
34250.06191,1,18289006,10,2239200,1,2244200,100,2239200,10
34250.06507,3,18289006,10,2239200,1,2244200,100,2238600,100
34250.0652,1,18289230,10,2239000,1,2244200,100,2239000,10
34250.06719,3,18289230,10,2239000,1,2244200,100,2238600,100
34250.06732,1,18289323,10,2239100,1,2244200,100,2239100,10
34250.11815,3,18289323,10,2239100,1,2244200,100,2238600,100
34250.11827,1,18290737,10,2239200,1,2244200,100,2239200,10
34250.12209,3,18290737,10,2239200,1,2244200,100,2238600,100
34250.12219,1,18290793,10,2239000,1,2244200,100,2239000,10
34250.12507,3,18290793,10,2239000,1,2244200,100,2238600,100
34250.12518,1,18290838,10,2239100,1,2244200,100,2239100,10
34250.14127,3,18290838,10,2239100,1,2244200,100,2238600,100
34250.1414,1,18291165,10,2239200,1,2244200,100,2239200,10
34250.14499,3,18291165,10,2239200,1,2244200,100,2238600,100
34250.14513,1,18291275,10,2239000,1,2244200,100,2239000,10
34250.14717,3,18291275,10,2239000,1,2244200,100,2238600,100
34250.14729,1,18291334,10,2239100,1,2244200,100,2239100,10
34250.16205,3,18291334,10,2239100,1,2244200,100,2238600,100
34250.16216,1,18291715,10,2239200,1,2244200,100,2239200,10
34250.16633,3,18291715,10,2239200,1,2244200,100,2238600,100
34250.16644,1,18291916,10,2239000,1,2244200,100,2239000,10
34250.16862,3,18291916,10,2239000,1,2244200,100,2238600,100
34250.16872,1,18291991,10,2239100,1,2244200,100,2239100,10
34250.19258,3,18291991,10,2239100,1,2244200,100,2238600,100
34250.19274,1,18292501,10,2239200,1,2244200,100,2239200,10
34250.19633,3,18292501,10,2239200,1,2244200,100,2238600,100
34250.19645,1,18292582,10,2239000,1,2244200,100,2239000,10
34250.19882,3,18292582,10,2239000,1,2244200,100,2238600,100
34250.19894,1,18292645,10,2239100,1,2244200,100,2239100,10
34250.51551,3,18292645,10,2239100,1,2244200,100,2238600,100
34250.51564,1,18298729,10,2239200,1,2244200,100,2239200,10
34250.5193,3,18298729,10,2239200,1,2244200,100,2238600,100
34250.51942,1,18298826,10,2239000,1,2244200,100,2239000,10
34250.52191,3,18298826,10,2239000,1,2244200,100,2238600,100
34250.52202,1,18298903,10,2239100,1,2244200,100,2239100,10
34251.91813,3,18298903,10,2239100,1,2244200,100,2238600,100
34251.91823,1,18333357,10,2239200,1,2244200,100,2239200,10
34251.92188,3,18333357,10,2239200,1,2244200,100,2238600,100
34251.922,1,18333652,10,2239000,1,2244200,100,2239000,10
34251.92433,3,18333652,10,2239000,1,2244200,100,2238600,100
34251.92443,1,18333775,10,2239100,1,2244200,100,2239100,10
34252.02874,3,18333775,10,2239100,1,2244200,100,2238600,100
34252.02887,1,18340262,10,2239200,1,2244200,100,2239200,10
34252.03288,3,18340262,10,2239200,1,2244200,100,2238600,100
34252.03304,1,18341360,10,2239000,1,2244200,100,2239000,10
34252.03614,3,18341360,10,2239000,1,2244200,100,2238600,100
34252.03627,1,18342535,10,2239100,1,2244200,100,2239100,10
34252.04736,3,18342535,10,2239100,1,2244200,100,2238600,100
34252.04752,1,18344659,10,2239200,1,2244200,100,2239200,10
34252.05114,3,18344659,10,2239200,1,2244200,100,2238600,100
34252.05127,1,18344995,10,2239000,1,2244200,100,2239000,10
34252.05318,3,18344995,10,2239000,1,2244200,100,2238600,100
34252.0533,1,18345223,10,2239100,1,2244200,100,2239100,10
34252.17082,1,18352030,1,2244100,-1,2244100,1,2239100,10
34253.42734,3,18345223,10,2239100,1,2244100,1,2238600,100
34256.19816,1,18430161,200,2243500,-1,2243500,200,2238600,100
34256.20089,1,18430228,100,2243500,-1,2243500,300,2238600,100
34259.72652,5,0,12,2242500,-1,2243500,300,2238600,100
34259.72652,5,0,11,2243300,-1,2243500,300,2238600,100
34260.05997,3,18430161,200,2243500,-1,2243500,100,2238600,100
34262.07596,1,18622989,100,2243000,-1,2243000,100,2238600,100
34262.07874,1,18623148,100,2243000,-1,2243000,200,2238600,100
34265.64211,3,18623148,100,2243000,-1,2243000,100,2238600,100
34269.58368,1,18813442,183,2241900,-1,2241900,183,2238600,100
34269.58774,1,18813484,100,2241900,-1,2241900,283,2238600,100
34269.86396,1,18819065,8,2241300,-1,2241300,8,2238600,100
34271.76867,1,18877451,1,2238700,1,2241300,8,2238700,1
34273.48143,5,0,100,2239500,1,2241300,8,2238700,1
34273.58056,4,18877451,1,2238700,1,2241300,8,2238600,100
34273.58056,4,18073344,99,2238600,1,2241300,8,2238600,1
34273.77796,1,18930320,100,2239800,1,2241300,8,2239800,100
34273.77807,4,18930320,65,2239800,1,2241300,8,2239800,35
34273.77807,4,18930320,35,2239800,1,2241300,8,2238600,1
34275.37346,1,18966278,100,2240200,1,2241300,8,2240200,100
34275.37385,4,18966278,100,2240200,1,2241300,8,2238600,1
34275.40993,1,18966862,1,2241300,-1,2241300,9,2238600,1
34276.75711,1,18992920,1,2240200,-1,2240200,1,2238600,1
34280.5727,4,18992920,1,2240200,-1,2241200,1,2238600,1
34283.72056,5,0,1,2238800,1,2241200,1,2238600,1
34283.72311,5,0,1,2238800,1,2241200,1,2238600,1
34285.52317,3,18993622,1,2241200,-1,2241300,8,2238600,1
34285.59964,4,18073344,1,2238600,1,2241300,8,2238400,22
34287.83031,3,18819065,8,2241300,-1,2241900,300,2238400,22
34288.73353,1,19300526,100,2238400,1,2241900,300,2238400,122
34289.50116,1,19314473,100,2240500,-1,2240500,100,2238400,122
34289.50444,1,19314520,100,2240500,-1,2240500,200,2238400,122
34293.41387,5,0,24,2240100,-1,2240500,200,2238400,122
34297.20837,5,0,3,2240000,-1,2240500,200,2238400,122
34297.20837,5,0,1,2240300,-1,2240500,200,2238400,122
34297.20837,4,19314473,100,2240500,-1,2240500,100,2238400,122
34297.20837,4,19314520,96,2240500,-1,2240500,4,2238400,122
34297.20845,4,19314520,4,2240500,-1,2241000,1,2238400,122
34297.31833,3,19455584,1,2241000,-1,2241900,300,2238400,122
34303.33144,5,0,68,2238800,1,2241900,300,2238400,122
34303.33144,5,0,32,2238700,1,2241900,300,2238400,122
34303.35253,5,0,68,2238700,1,2241900,300,2238400,122
34303.35253,5,0,32,2238500,1,2241900,300,2238400,122
34303.44961,1,19620235,1,2240000,-1,2240000,1,2238400,122
34303.67652,5,0,67,2238500,1,2240000,1,2238400,122
34303.67652,4,18433707,22,2238400,1,2240000,1,2238400,100
34303.67652,4,19300526,33,2238400,1,2240000,1,2238400,67
34303.67663,4,19300526,67,2238400,1,2240000,1,2236500,2
34303.77466,1,19626727,100,2238200,1,2240000,1,2238200,100
34303.77477,3,19626727,100,2238200,1,2240000,1,2236500,2
34303.77477,1,19626737,100,2238100,1,2240000,1,2238100,100
34303.88631,1,19628332,10,2240000,-1,2240000,11,2238100,100
34303.88642,3,19626737,100,2238100,1,2240000,11,2236500,2
34303.88642,1,19628333,100,2238000,1,2240000,11,2238000,100
34304.18347,3,19620235,1,2240000,-1,2240000,10,2238000,100
34304.25973,1,19653110,1,2240000,-1,2240000,11,2238000,100
34306.97444,5,0,100,2238200,1,2240000,11,2238000,100
34307.01537,5,0,100,2238200,1,2240000,11,2238000,100
34307.01537,4,19628333,100,2238000,1,2240000,11,2236500,2
34307.7608,5,0,16,2238700,1,2240000,11,2236500,2
34307.76231,3,19628332,10,2240000,-1,2240000,1,2236500,2
34307.76243,1,19731576,10,2239000,-1,2239000,10,2236500,2
34307.80576,3,19731576,10,2239000,-1,2240000,1,2236500,2
34307.80587,1,19732295,10,2240000,-1,2240000,11,2236500,2
34307.87946,1,19733385,1,2239500,-1,2239500,1,2236500,2
34307.90094,1,19733687,10,2239000,-1,2239000,10,2236500,2
34307.90609,3,19733687,10,2239000,-1,2239500,1,2236500,2
34307.97505,1,19736143,10,2239000,-1,2239000,10,2236500,2
34308.09195,3,19736143,10,2239000,-1,2239500,1,2236500,2
34308.24051,5,0,14,2239200,-1,2239500,1,2236500,2
34308.24051,5,0,74,2239400,-1,2239500,1,2236500,2
34309.16359,5,0,1,2236900,1,2239500,1,2236500,2
34309.16832,1,19774189,10,2239500,-1,2239500,11,2236500,2
34309.17127,3,19774189,10,2239500,-1,2239500,1,2236500,2
34309.17233,1,19774450,10,2239500,-1,2239500,11,2236500,2
34309.39638,5,0,2,2237000,1,2239500,11,2236500,2
34309.72407,5,0,97,2237100,1,2239500,11,2236500,2
34309.72407,5,0,3,2236600,1,2239500,11,2236500,2
34309.72974,1,19791130,100,2236600,1,2239500,11,2236600,100
34309.73136,4,19791130,100,2236600,1,2239500,11,2236500,2
34309.73335,5,0,100,2236600,1,2239500,11,2236500,2
34309.81441,3,19774450,10,2239500,-1,2239500,1,2236500,2
34309.81453,1,19793043,10,2239400,-1,2239400,10,2236500,2
34309.82054,3,19793043,10,2239400,-1,2239500,1,2236500,2
34309.82066,1,19793184,10,2239300,-1,2239300,10,2236500,2
34309.82668,3,19793184,10,2239300,-1,2239500,1,2236500,2
34309.82678,1,19793341,10,2239200,-1,2239200,10,2236500,2
34309.87446,3,19793341,10,2239200,-1,2239500,1,2236500,2
34309.87456,1,19794320,10,2239100,-1,2239100,10,2236500,2
34309.90393,4,11474176,2,2236500,1,2239100,10,2236100,11
34309.9054,4,19233799,11,2236100,1,2239100,10,2236000,15
34309.90549,4,3920359,15,2236000,1,2239100,10,2235000,100
34309.93502,3,19794320,10,2239100,-1,2239500,1,2235000,100
34309.93514,1,19795607,10,2238900,-1,2238900,10,2235000,100
34310.04997,1,19808492,100,2237700,1,2238900,10,2237700,100
34310.05009,4,19808492,100,2237700,1,2238900,10,2235000,100
34310.25044,3,19795607,10,2238900,-1,2239500,1,2235000,100
34310.25056,1,19818565,10,2238200,-1,2238200,10,2235000,100
34310.31935,1,19822943,1,2236000,-1,2236000,1,2235000,100
34310.31945,4,19822943,1,2236000,-1,2238200,10,2235000,100
34310.32045,1,19823062,1,2238100,-1,2238100,1,2235000,100
34311.11426,5,0,100,2235200,1,2238100,1,2235000,100
34311.24872,1,19846261,100,2237300,1,2238100,1,2237300,100
34311.24883,4,19846261,39,2237300,1,2238100,1,2237300,61
34311.24883,4,19846261,61,2237300,1,2238100,1,2235000,100
34312.9225,5,0,1,2235100,1,2238100,1,2235000,100
34312.99774,1,19879921,1,2236700,-1,2236700,1,2235000,100
34314.08977,5,0,100,2236400,-1,2236700,1,2235000,100
34314.29048,5,0,1,2235200,1,2236700,1,2235000,100
34317.49222,5,0,97,2236300,-1,2236700,1,2235000,100
34317.49222,4,19879921,1,2236700,-1,2238100,1,2235000,100
34318.69391,1,19985448,99,2237000,-1,2237000,99,2235000,100
34318.95521,3,4632045,100,2235000,1,2237000,99,2234900,61
34318.95537,1,19990731,94,2235000,1,2237000,99,2235000,94
34320.52962,4,19985448,36,2237000,-1,2237000,63,2235000,94
34322.02939,4,19985448,49,2237000,-1,2237000,14,2235000,94
34322.0295,4,19985448,14,2237000,-1,2238100,1,2235000,94
34323.01594,5,0,200,2235800,1,2238100,1,2235000,94
34323.95511,5,0,100,2237400,-1,2238100,1,2235000,94
34323.95511,5,0,51,2237700,-1,2238100,1,2235000,94
34323.95511,5,0,149,2237900,-1,2238100,1,2235000,94
34323.96041,4,19823062,1,2238100,-1,2238200,10,2235000,94
34323.96041,4,19959875,10,2238200,-1,2238600,2,2235000,94
34324.0368,4,19859519,2,2238600,-1,2241900,300,2235000,94
34326.28542,1,20164379,100,2238900,-1,2238900,100,2235000,94
34328.98382,5,0,100,2238800,-1,2238900,100,2235000,94
34328.99198,4,20164379,100,2238900,-1,2241900,300,2235000,94
34329.73382,1,20254663,100,2236100,1,2241900,300,2236100,100
34331.47324,1,20298432,100,2239200,1,2241900,300,2239200,100
34331.47586,5,0,80,2239300,1,2241900,300,2239200,100
34331.47586,5,0,20,2239300,1,2241900,300,2239200,100
34331.64129,1,20301070,100,2239900,1,2241900,300,2239900,100
34331.99708,5,0,100,2241600,-1,2241900,300,2239900,100
34334.31294,1,20343976,200,2241700,1,2241900,300,2241700,200
34334.31305,4,19183169,100,2241900,-1,2241900,200,2241700,200
34334.31308,1,20343986,100,2241700,1,2241900,200,2241700,300
34334.31312,4,19183169,187,2241900,-1,2241900,13,2241700,300
34334.31314,4,20343976,200,2241700,1,2241900,13,2241700,100
34334.31316,4,19183169,13,2241900,-1,2243600,100,2241700,100
34334.31322,3,20343986,100,2241700,1,2243600,100,2239200,100
34334.31322,1,20344002,100,2241700,1,2243600,100,2241700,100
34334.31331,3,20344002,100,2241700,1,2243600,100,2239200,100
34334.31331,1,20344005,100,2241700,1,2243600,100,2241700,100
34334.33779,1,20344274,1,2242800,-1,2242800,1,2241700,100
34334.43355,4,20344274,1,2242800,-1,2243600,100,2241700,100
34334.43964,5,0,99,2243400,-1,2243600,100,2241700,100
34334.65076,5,0,1,2243400,-1,2243600,100,2241700,100
34334.65076,4,19948313,99,2243600,-1,2243600,1,2241700,100
34334.65089,3,20344005,100,2241700,1,2243600,1,2236200,300
34334.65089,1,20350495,100,2242800,1,2243600,1,2242800,100
34334.65099,3,20350495,100,2242800,1,2243600,1,2236200,300
34334.65099,1,20350503,100,2240600,1,2243600,1,2240600,100
34334.77609,3,20350503,100,2240600,1,2243600,1,2236100,100
34334.77609,1,20353511,100,2240300,1,2243600,1,2240300,100
34334.84225,1,20355014,50,2242500,-1,2242500,50,2240300,100
34334.84237,3,20353511,100,2240300,1,2242500,50,2236100,100
34334.84237,1,20355018,100,2239700,1,2242500,50,2239700,100
34336.98906,3,20355018,100,2239700,1,2242500,50,2236100,100
34336.98906,1,20410319,100,2239400,1,2242500,50,2239400,100
34338.56864,1,20436930,51,2241900,1,2242500,50,2241900,51
34338.56875,4,20436930,51,2241900,1,2242500,50,2239400,100
34338.56879,3,20410319,100,2239400,1,2242500,50,2236100,100
34338.56879,1,20436945,100,2241800,1,2242500,50,2241800,100
34338.57704,5,0,100,2241900,1,2242500,50,2241800,100
34338.57747,4,20436945,100,2241800,1,2242500,50,2236100,100
34338.57998,1,20437784,200,2236200,1,2242500,50,2236200,200
34338.58017,3,20437784,200,2236200,1,2242500,50,2236100,100
34338.60026,1,20439224,2,2242000,-1,2242000,2,2236100,100
34338.6471,3,20254663,100,2236100,1,2242000,2,2235200,5
34338.71882,1,20443473,100,2236200,1,2242000,2,2236200,100
34338.77187,3,20443473,100,2236200,1,2242000,2,2235200,5
34339.18248,1,20455022,100,2236600,1,2242000,2,2236600,100
34339.26689,3,20455022,100,2236600,1,2242000,2,2235200,5
34339.30289,1,20457452,200,2235300,1,2242000,2,2235300,200
34339.30655,3,20457452,200,2235300,1,2242000,2,2235200,5
34339.64344,1,20465048,200,2235300,1,2242000,2,2235300,200
34339.64461,3,20465048,200,2235300,1,2242000,2,2235200,5
34341.81144,3,20439224,2,2242000,-1,2242500,50,2235200,5
34345.301,1,20583033,100,2240500,1,2242500,50,2240500,100
34345.91246,4,20583033,1,2240500,1,2242500,50,2240500,99
34346.15125,4,20583033,1,2240500,1,2242500,50,2240500,98
34346.34233,4,20583033,98,2240500,1,2242500,50,2235200,5
34346.34969,5,0,20,2241000,1,2242500,50,2235200,5
34346.44011,1,20618589,100,2239300,1,2242500,50,2239300,100
34346.44042,3,20618589,100,2239300,1,2242500,50,2235200,5
34346.44042,1,20618667,100,2239000,1,2242500,50,2239000,100
34347.56596,1,20652047,200,2242000,-1,2242000,200,2239000,100
34347.56611,3,20618667,100,2239000,1,2242000,200,2235200,5
34347.56611,1,20652049,100,2237900,1,2242000,200,2237900,100
34348.423,1,20674653,1,2241900,-1,2241900,1,2237900,100
34348.42463,3,20674653,1,2241900,-1,2242000,200,2237900,100
34348.42463,1,20675051,2,2241900,-1,2241900,2,2237900,100
34348.59136,4,20652049,100,2237900,1,2241900,2,2235200,5
34348.61504,3,20440498,5,2235200,1,2241900,2,2235000,94
34348.83589,1,20687888,100,2238200,1,2241900,2,2238200,100
34348.83626,4,20687888,100,2238200,1,2241900,2,2235000,94
34349.29473,1,20725771,100,2241900,-1,2241900,102,2235000,94
34350.07282,1,20753785,2,2241400,-1,2241400,2,2235000,94
34350.07294,1,20753796,2,2241300,-1,2241300,2,2235000,94
34351.12651,1,20779824,200,2241300,-1,2241300,202,2235000,94
34352.74509,1,20812077,200,2240000,-1,2240000,200,2235000,94
34352.74523,1,20812082,2,2239900,-1,2239900,2,2235000,94
34352.75772,5,0,63,2237950,1,2239900,2,2235000,94
34357.31806,1,20897618,100,2238300,1,2239900,2,2238300,100
34357.31818,4,20897618,2,2238300,1,2239900,2,2238300,98
34357.31843,4,20897618,98,2238300,1,2239900,2,2235000,94
34357.92341,1,20905547,100,2239400,-1,2239400,100,2235000,94
34357.92353,1,20905551,2,2239300,-1,2239300,2,2235000,94
34357.94236,1,20905801,2,2238400,-1,2238400,2,2235000,94
34357.94248,1,20905802,2,2238300,-1,2238300,2,2235000,94
34367.39551,4,20905802,2,2238300,-1,2238400,2,2235000,94
34367.39551,4,20905801,2,2238400,-1,2238900,1,2235000,94
34367.4936,3,20905834,1,2238900,-1,2239400,300,2235000,94
34367.52111,1,21116099,1,2238600,-1,2238600,1,2235000,94
34367.52287,1,21116125,1,2238600,-1,2238600,2,2235000,94
34369.7575,1,21158422,100,2238600,-1,2238600,102,2235000,94
34372.18422,1,21200354,200,2238600,-1,2238600,302,2235000,94
34376.53793,3,21116099,1,2238600,-1,2238600,301,2235000,94
34376.53961,3,21116125,1,2238600,-1,2238600,300,2235000,94
34377.54756,3,21200354,200,2238600,-1,2238600,100,2235000,94
34377.54767,1,21283697,200,2238300,-1,2238300,200,2235000,94
34377.56809,1,21283999,1,2237600,-1,2237600,1,2235000,94
34377.56972,1,21284027,1,2237600,-1,2237600,2,2235000,94
34378.42366,4,21283999,1,2237600,-1,2237600,1,2235000,94
34378.42366,4,21284027,1,2237600,-1,2238300,200,2235000,94
34378.42621,1,21294878,100,2238200,-1,2238200,100,2235000,94
34378.43575,5,0,98,2238100,-1,2238200,100,2235000,94
34378.43635,3,21294878,100,2238200,-1,2238300,200,2235000,94
34378.43741,1,21294996,100,2238200,-1,2238200,100,2235000,94
34380.65174,3,21294996,100,2238200,-1,2238300,200,2235000,94
34380.68937,1,21342263,100,2237900,-1,2237900,100,2235000,94
34380.70583,1,21343808,1,2237900,-1,2237900,101,2235000,94
34386.84953,3,21343808,1,2237900,-1,2237900,100,2235000,94
34389.15891,1,21508773,1,2237700,-1,2237700,1,2235000,94
34391.71739,1,21559847,100,2237700,-1,2237700,101,2235000,94
34393.08352,1,21587203,100,2237700,-1,2237700,201,2235000,94
34394.94367,1,21616444,100,2237500,-1,2237500,100,2235000,94
34394.96178,1,21616642,1,2237500,-1,2237500,101,2235000,94
34395.84295,4,21616444,100,2237500,-1,2237500,1,2235000,94
34395.84391,4,21616642,1,2237500,-1,2237700,201,2235000,94
34395.84484,4,21508773,1,2237700,-1,2237700,200,2235000,94
34395.84484,4,21559847,100,2237700,-1,2237700,100,2235000,94
34395.84484,4,21587203,99,2237700,-1,2237700,1,2235000,94
34395.845,4,21587203,1,2237700,-1,2239800,200,2235000,94
34395.84695,1,21636092,100,2237700,-1,2237700,100,2235000,94
34395.84711,4,21636092,100,2237700,-1,2239800,200,2235000,94
34395.84712,5,0,100,2237700,-1,2239800,200,2235000,94
34395.84743,1,21636299,100,2237700,-1,2237700,100,2235000,94
34395.84763,4,21636299,96,2237700,-1,2237700,4,2235000,94
34395.84765,4,21636299,4,2237700,-1,2239800,200,2235000,94
34395.84791,1,21636573,100,2237700,-1,2237700,100,2235000,94
34395.84886,4,21636573,69,2237700,-1,2237700,31,2235000,94
34395.84904,4,21636573,31,2237700,-1,2239800,200,2235000,94
34395.84905,5,0,100,2237700,-1,2239800,200,2235000,94
34395.84921,1,21637454,100,2237700,-1,2237700,100,2235000,94
34395.85147,4,21637454,100,2237700,-1,2239800,200,2235000,94
34395.85155,3,21138842,200,2239800,-1,2240000,200,2235000,94
34395.85155,1,21638597,200,2239500,-1,2239500,200,2235000,94
34395.85172,1,21638670,100,2237700,-1,2237700,100,2235000,94
34395.87367,4,21638670,12,2237700,-1,2237700,88,2235000,94
34395.87392,1,21644399,100,2237700,-1,2237700,188,2235000,94
34395.93855,4,21638670,88,2237700,-1,2237700,100,2235000,94
34395.93855,4,21644399,12,2237700,-1,2237700,88,2235000,94
34395.93888,1,21650189,67,2237700,-1,2237700,155,2235000,94
34396.02318,4,21644399,88,2237700,-1,2237700,67,2235000,94
34396.02318,4,21650189,67,2237700,-1,2239500,200,2235000,94
34396.02355,3,21638597,200,2239500,-1,2240000,200,2235000,94
34396.02355,1,21655826,200,2239700,-1,2239700,200,2235000,94
34396.03601,3,21655826,200,2239700,-1,2240000,200,2235000,94
34396.03601,1,21656537,200,2239900,-1,2239900,200,2235000,94
34396.78674,1,21674864,7,2236000,1,2239900,200,2236000,7
34396.7871,3,21656537,200,2239900,-1,2240000,200,2236000,7
34397.20442,1,21683768,500,2236000,1,2240000,200,2236000,507
34400.0454,1,21748178,400,2239900,-1,2239900,400,2236000,507
34400.29596,2,21748178,200,2239900,-1,2239900,200,2236000,507
34400.30175,3,21748178,200,2239900,-1,2240000,200,2236000,507
34402.15157,1,21798025,200,2239900,-1,2239900,200,2236000,507
34402.73249,5,0,45,2237000,1,2239900,200,2236000,507
34402.77946,1,21806628,1,2238800,-1,2238800,1,2236000,507
34405.79861,4,21806628,1,2238800,-1,2239900,200,2236000,507
34406.54362,1,21866410,100,2236500,1,2239900,200,2236500,100
34406.54364,1,21866411,100,2239600,-1,2239600,100,2236500,100
34406.5441,1,21866417,400,2239600,-1,2239600,500,2236500,100
34407.02534,1,21873101,200,2239600,-1,2239600,700,2236500,100
34409.32602,2,21866417,200,2239600,-1,2239600,500,2236500,100
34412.01153,1,21942984,100,2237600,1,2239600,500,2237600,100
34414.71833,1,21980296,43,2238900,-1,2238900,43,2237600,100
34414.76546,4,21942984,100,2237600,1,2238900,43,2236500,100
34415.99078,4,21866410,2,2236500,1,2238900,43,2236500,98
34415.99305,4,21866410,2,2236500,1,2238900,43,2236500,96
34418.45018,5,0,100,2238600,-1,2238900,43,2236500,96
34419.52291,3,21980296,43,2238900,-1,2239600,300,2236500,96
34419.52337,5,0,55,2239500,-1,2239600,300,2236500,96
34419.52337,4,21866411,100,2239600,-1,2239600,200,2236500,96
34419.52337,4,21866417,145,2239600,-1,2239600,55,2236500,96
34419.52346,5,0,18,2238800,1,2239600,55,2236500,96
34419.52456,3,21866417,55,2239600,-1,2240000,200,2236500,96
34419.52456,1,22051475,100,2239700,-1,2239700,100,2236500,96
34419.52592,3,22051475,100,2239700,-1,2240000,200,2236500,96
34419.52592,1,22051487,100,2239900,-1,2239900,100,2236500,96
34419.53174,3,22051487,100,2239900,-1,2240000,200,2236500,96
34420.71892,1,22091806,43,2238600,-1,2238600,43,2236500,96
34420.71904,4,22091806,43,2238600,-1,2240000,200,2236500,96
34421.84231,5,0,100,2239900,-1,2240000,200,2236500,96
34427.75801,1,22186452,100,2240000,-1,2240000,300,2236500,96
34427.79575,1,22186797,1,2239600,-1,2239600,1,2236500,96
34429.9237,1,22209500,2,2238600,-1,2238600,2,2236500,96
34431.28033,1,22225266,200,2236500,1,2238600,2,2236500,296
34431.28267,3,22225266,200,2236500,1,2238600,2,2236500,96
34431.30409,4,22209500,2,2238600,-1,2239600,1,2236500,96
34431.30628,4,22186797,1,2239600,-1,2240000,300,2236500,96
34431.31811,4,20812077,40,2240000,-1,2240000,260,2236500,96
34433.00551,3,22186452,100,2240000,-1,2240000,160,2236500,96
34433.00707,4,20812077,160,2240000,-1,2241800,200,2236500,96
34433.00752,1,22255951,100,2240000,1,2241800,200,2240000,100
34433.01432,3,22106242,200,2241800,-1,2242000,200,2240000,100
34433.72247,3,22255951,100,2240000,1,2242000,200,2236500,196
34434.21553,1,22274843,100,2237300,1,2242000,200,2237300,100
34435.9069,1,22295829,100,2240000,1,2242000,200,2240000,100
34439.62672,1,22338263,1,2242000,-1,2242000,201,2240000,100
34442.01638,5,0,100,2241800,-1,2242000,201,2240000,100
34444.05422,5,0,100,2241900,-1,2242000,201,2240000,100
34444.05505,5,0,45,2241900,-1,2242000,201,2240000,100
34444.05505,4,20652047,55,2242000,-1,2242000,146,2240000,100
34444.05582,4,20652047,100,2242000,-1,2242000,46,2240000,100
34444.05592,4,20652047,45,2242000,-1,2242000,1,2240000,100
34444.05592,4,22338263,1,2242000,-1,2242500,50,2240000,100
34444.05632,1,22426277,100,2242000,1,2242500,50,2242000,100
34444.05674,4,20355014,50,2242500,-1,2242900,30,2242000,100
34444.21739,4,21120913,30,2242900,-1,2243000,100,2242000,100
34444.21776,4,20915644,100,2243000,-1,2243600,1,2242000,100
34444.22054,4,19948313,1,2243600,-1,2244500,100,2242000,100
34444.27235,5,0,45,2242300,1,2244500,100,2242000,100
34444.27235,5,0,55,2242200,1,2244500,100,2242000,100
34444.46398,3,22426277,100,2242000,1,2244500,100,2240000,100
34445.74798,1,22450352,100,2242000,1,2244500,100,2242000,100
34445.98519,1,22453396,100,2242000,1,2244500,100,2242000,200
34448.16945,5,0,100,2244100,-1,2244500,100,2242000,200
34448.77981,5,0,2,2242300,1,2244500,100,2242000,200
34448.78113,5,0,2,2242300,1,2244500,100,2242000,200
34449.85646,3,17454308,100,2244500,-1,2245000,5,2242000,200
34449.85684,1,22517179,200,2244500,-1,2244500,200,2242000,200
34449.85739,5,0,200,2244100,-1,2244500,200,2242000,200
34449.858,4,22517179,100,2244500,-1,2244500,100,2242000,200
34449.86089,4,22517179,100,2244500,-1,2245000,5,2242000,200
34449.86089,5,0,75,2244500,-1,2245000,5,2242000,200
34449.86112,1,22517293,125,2244500,-1,2244500,125,2242000,200
34449.86296,4,22517293,100,2244500,-1,2244500,25,2242000,200
34449.86346,4,22517293,21,2244500,-1,2244500,4,2242000,200
34449.96038,4,22517293,4,2244500,-1,2245000,5,2242000,200
34450.0205,4,4631805,5,2245000,-1,2247500,10,2242000,200
34450.0284,1,22519873,100,2244900,1,2247500,10,2244900,100
34450.04903,4,22519873,100,2244900,1,2247500,10,2242000,200
34450.22703,1,22522589,100,2244900,1,2247500,10,2244900,100
34450.22739,4,22522589,100,2244900,1,2247500,10,2242000,200
34450.45009,1,22524875,100,2244900,1,2247500,10,2244900,100
34450.71831,1,22527537,5,2246900,-1,2246900,5,2244900,100
34451.03318,4,22524875,100,2244900,1,2246900,5,2242000,200
34451.22413,1,22532942,100,2244900,1,2246900,5,2244900,100
34451.3338,3,22532942,100,2244900,1,2246900,5,2242000,100
34451.3338,1,22534491,100,2244400,1,2246900,5,2244400,100
34451.34393,1,22534667,100,2244900,1,2246900,5,2244900,100
34451.34401,1,22534671,100,2245800,1,2246900,5,2245800,100
34453.66212,5,0,100,2245900,1,2246900,5,2245800,100
34453.6622,4,22534671,100,2245800,1,2246900,5,2244900,100
34454.74016,1,22582524,100,2246800,-1,2246800,100,2244900,100
34454.75664,5,0,100,2245100,1,2246800,100,2244900,100
34454.75664,4,22534667,100,2244900,1,2246800,100,2242000,100
34455.42208,1,22591862,100,2244600,1,2246800,100,2244600,100
34455.42219,4,22591862,100,2244600,1,2246800,100,2242000,100
34457.07773,1,22611872,200,2246800,-1,2246800,300,2242000,100
34457.09386,3,22611872,200,2246800,-1,2246800,100,2242000,100
34460.28235,3,22582524,100,2246800,-1,2246900,205,2242000,100
34460.285,3,22615729,200,2246900,-1,2246900,5,2242000,100
34460.28517,1,22671751,300,2246400,-1,2246400,300,2242000,100
34460.31492,1,22672038,1,2245900,-1,2245900,1,2242000,100
34462.87011,5,0,11,2244100,-1,2245900,1,2242000,100
34462.87011,5,0,90,2245500,-1,2245900,1,2242000,100
34462.87262,5,0,101,2245800,-1,2245900,1,2242000,100
34462.88011,4,22672038,1,2245900,-1,2246400,300,2242000,100
34462.88394,5,0,100,2246300,-1,2246400,300,2242000,100
34463.6891,1,22709259,200,2246400,-1,2246400,500,2242000,100
34464.25323,5,0,1,2244200,1,2246400,500,2242000,100
34464.25346,3,22709259,200,2246400,-1,2246400,300,2242000,100
34464.25465,5,0,2,2244300,1,2246400,300,2242000,100
34464.26224,5,0,2,2244400,1,2246400,300,2242000,100
34464.94769,3,22671751,300,2246400,-1,2246700,200,2242000,100
34464.9653,3,22723179,200,2246700,-1,2246900,5,2242000,100
34464.9653,1,22727904,200,2246900,-1,2246900,205,2242000,100
34465.44635,5,0,2,2244600,1,2246900,205,2242000,100
34465.44771,5,0,2,2244200,1,2246900,205,2242000,100
34468.01069,1,22771332,300,2246900,-1,2246900,505,2242000,100
34468.5817,1,22777513,1,2246900,-1,2246900,506,2242000,100
34468.90068,3,22727904,200,2246900,-1,2246900,306,2242000,100
34469.0047,3,22777513,1,2246900,-1,2246900,305,2242000,100
34469.12808,1,22783957,1,2246500,-1,2246500,1,2242000,100
34469.36073,1,22786334,100,2245700,1,2246500,1,2245700,100
34470.05376,5,0,50,2245800,1,2246500,1,2245700,100
34470.49887,4,22783957,1,2246500,-1,2246900,305,2245700,100
34470.50185,4,22527537,5,2246900,-1,2246900,300,2245700,100
34470.50185,4,22771332,19,2246900,-1,2246900,281,2245700,100
34472.20839,4,22771332,200,2246900,-1,2246900,81,2245700,100
34472.21522,4,22771332,81,2246900,-1,2247500,10,2245700,100
34472.81836,4,4631225,10,2247500,-1,2247900,100,2245700,100
34472.81836,5,0,90,2247500,-1,2247900,100,2245700,100
34472.90786,1,22832361,100,2247500,1,2247900,100,2247500,100
34472.90795,4,22832361,100,2247500,1,2247900,100,2245700,100
34472.90915,5,0,50,2246200,1,2247900,100,2245700,100
34472.90915,5,0,50,2246100,1,2247900,100,2245700,100
34472.9099,1,22832389,77,2247900,-1,2247900,177,2245700,100
34473.57315,1,22839312,300,2247500,-1,2247500,300,2245700,100
34473.57333,1,22839315,77,2247500,-1,2247500,377,2245700,100
34473.96245,5,0,2,2245900,1,2247500,377,2245700,100
34473.96373,5,0,2,2245900,1,2247500,377,2245700,100
34473.97338,5,0,2,2245900,1,2247500,377,2245700,100
34473.97566,5,0,1,2245900,1,2247500,377,2245700,100
34474.74381,5,0,2,2245900,1,2247500,377,2245700,100
34475.72302,5,0,1,2245900,1,2247500,377,2245700,100
34477.42495,3,22839312,300,2247500,-1,2247500,77,2245700,100
34477.42782,1,22891526,200,2247500,-1,2247500,277,2245700,100
34477.44875,5,0,90,2245900,1,2247500,277,2245700,100
34477.44875,5,0,67,2245800,1,2247500,277,2245700,100
34478.024,1,22897386,100,2246000,1,2247500,277,2246000,100
34478.2099,1,22899417,100,2247300,-1,2247300,100,2246000,100
34478.21004,3,22897386,100,2246000,1,2247300,100,2245700,100
34478.21004,1,22899420,100,2245900,1,2247300,100,2245900,100
34478.21012,1,22899424,77,2247300,-1,2247300,177,2245900,100
34478.59568,5,0,7,2246100,1,2247300,177,2245900,100
34478.59568,5,0,43,2246000,1,2247300,177,2245900,100
34481.97764,5,0,1,2246000,1,2247300,177,2245900,100
34481.98284,5,0,4,2246000,1,2247300,177,2245900,100
34481.98294,5,0,100,2246000,1,2247300,177,2245900,100
34482.0146,5,0,100,2246000,1,2247300,177,2245900,100
34482.02634,5,0,1,2246000,1,2247300,177,2245900,100
34482.03928,5,0,84,2246000,1,2247300,177,2245900,100
34482.03928,4,22899420,16,2245900,1,2247300,177,2245900,84
34482.37887,4,22899420,84,2245900,1,2247300,177,2245700,100
34482.37898,4,22786334,100,2245700,1,2247300,177,2242000,100
34482.38592,1,22955746,200,2242000,1,2247300,177,2242000,300
34482.62296,1,22959293,100,2244600,1,2247300,177,2244600,100
34483.96903,1,22975007,4,2246600,-1,2246600,4,2244600,100
34483.96924,3,22959293,100,2244600,1,2246600,4,2242000,300
34483.96924,1,22975020,100,2244800,1,2246600,4,2244800,100
34483.96924,1,22975021,77,2246600,-1,2246600,81,2244800,100
34483.9695,3,22975020,100,2244800,1,2246600,81,2242000,300
34483.9695,1,22975033,100,2244500,1,2246600,81,2244500,100
34485.00853,3,22975033,100,2244500,1,2246600,81,2242000,100
34485.00853,1,22991791,100,2244400,1,2246600,81,2244400,100
34485.03815,3,22991791,100,2244400,1,2246600,81,2242000,100
34485.03831,1,22997265,100,2244400,1,2246600,81,2244400,100
34485.05523,1,22998802,1,2246500,-1,2246500,1,2244400,100
34485.05543,3,22997265,100,2244400,1,2246500,1,2242000,100
34485.05543,1,22998829,100,2244800,1,2246500,1,2244800,100
34485.05545,1,22998831,77,2246500,-1,2246500,78,2244800,100
34485.05556,3,22998829,100,2244800,1,2246500,78,2242000,100
34485.05556,1,22998840,100,2244400,1,2246500,78,2244400,100
34486.50716,1,23022123,200,2246500,-1,2246500,278,2244400,100
34486.50728,3,22998840,100,2244400,1,2246500,278,2242000,100
34486.50728,1,23022124,100,2244100,1,2246500,278,2244100,100
34486.98049,3,23022124,100,2244100,1,2246500,278,2242000,100
34486.98058,3,22998831,77,2246500,-1,2246500,201,2242000,100
34486.98065,1,23027289,100,2244100,1,2246500,201,2244100,100
34486.9807,1,23027303,77,2245800,-1,2245800,77,2244100,100
34486.98094,3,23027289,100,2244100,1,2245800,77,2242000,100
34486.98094,1,23027353,100,2244000,1,2245800,77,2244000,100
34486.98355,1,23027499,2,2245700,-1,2245700,2,2244000,100
34486.98373,3,23027353,100,2244000,1,2245700,2,2242000,100
34486.98373,1,23027504,100,2244100,1,2245700,2,2244100,100
34486.98373,1,23027505,77,2245700,-1,2245700,79,2244100,100
34486.98376,3,23027499,2,2245700,-1,2245700,77,2244100,100
34486.98383,3,23027504,100,2244100,1,2245700,77,2242000,100
34486.98383,1,23027511,100,2243900,1,2245700,77,2243900,100
34486.9839,1,23027512,2,2245600,-1,2245600,2,2243900,100
34486.98406,3,23027511,100,2243900,1,2245600,2,2242000,100
34486.98406,1,23027518,100,2244100,1,2245600,2,2244100,100
34486.98407,1,23027519,77,2245600,-1,2245600,79,2244100,100
34486.98407,3,23027512,2,2245600,-1,2245600,77,2244100,100
34486.98425,3,23027518,100,2244100,1,2245600,77,2242000,100
34486.98425,1,23027524,100,2243900,1,2245600,77,2243900,100
34486.98435,1,23027529,2,2245500,-1,2245500,2,2243900,100
34486.98452,3,23027524,100,2243900,1,2245500,2,2242000,100
34486.98452,1,23027550,100,2244100,1,2245500,2,2244100,100
34486.98452,1,23027551,77,2245500,-1,2245500,79,2244100,100
34486.98457,3,23027529,2,2245500,-1,2245500,77,2244100,100
34486.98465,3,23027550,100,2244100,1,2245500,77,2242000,100
34486.98465,1,23027556,100,2243900,1,2245500,77,2243900,100
34486.98473,1,23027562,2,2245400,-1,2245400,2,2243900,100
34486.98489,3,23027556,100,2243900,1,2245400,2,2242000,100
34486.98489,1,23027566,100,2244100,1,2245400,2,2244100,100
34486.9849,1,23027568,77,2245400,-1,2245400,79,2244100,100
34486.9849,3,23027562,2,2245400,-1,2245400,77,2244100,100
34486.98503,1,23027573,2,2245300,-1,2245300,2,2244100,100
34486.98512,3,23027566,100,2244100,1,2245300,2,2242000,100
34486.98512,1,23027577,100,2243900,1,2245300,2,2243900,100
34486.9852,1,23027581,77,2245300,-1,2245300,79,2243900,100
34486.98522,3,23027573,2,2245300,-1,2245300,77,2243900,100
34487.00732,1,23027906,1,2244600,-1,2244600,1,2243900,100
34487.0074,3,23027577,100,2243900,1,2244600,1,2242000,100
34487.0074,1,23027908,100,2244000,1,2244600,1,2244000,100
34487.00742,1,23027909,2,2244500,-1,2244500,2,2244000,100
34487.00743,4,23027909,2,2244500,-1,2244600,1,2244000,100
34487.00743,4,23027906,1,2244600,-1,2246500,200,2244000,100
34487.00749,1,23027914,77,2244600,-1,2244600,77,2244000,100
34487.00751,3,23027908,100,2244000,1,2244600,77,2242000,100
34487.00751,1,23027915,100,2244100,1,2244600,77,2244100,100
34487.00752,3,23027914,77,2244600,-1,2246500,200,2244100,100
34487.00761,1,23027924,77,2245800,-1,2245800,77,2244100,100
34487.0077,3,23027915,100,2244100,1,2245800,77,2242000,100
34487.0077,1,23027928,100,2244000,1,2245800,77,2244000,100
34488.02805,3,23027928,100,2244000,1,2245800,77,2242000,100
34488.02826,1,23052513,100,2244000,1,2245800,77,2244000,100
34488.02925,1,23052634,1,2245700,-1,2245700,1,2244000,100
34488.02945,1,23052643,77,2245700,-1,2245700,78,2244000,100
34488.02995,3,23052513,100,2244000,1,2245700,78,2242000,100
34488.02995,1,23052675,100,2243900,1,2245700,78,2243900,100
34489.27087,4,23052675,100,2243900,1,2245700,78,2242000,100
34489.27668,3,23052643,77,2245700,-1,2245700,1,2242000,100
34489.27678,3,23052634,1,2245700,-1,2246500,200,2242000,100
34489.27678,1,23075282,1,2246400,-1,2246400,1,2242000,100
34489.2768,1,23075283,77,2245100,-1,2245100,77,2242000,100
34489.27691,1,23075292,1,2245000,-1,2245000,1,2242000,100
34489.27709,1,23075305,77,2245000,-1,2245000,78,2242000,100
34489.2771,3,23075292,1,2245000,-1,2245000,77,2242000,100
34489.38353,1,23080371,1,2244900,-1,2244900,1,2242000,100
34489.38372,1,23080379,77,2244200,-1,2244200,77,2242000,100
34489.38384,1,23080385,1,2244100,-1,2244100,1,2242000,100
34489.38401,1,23080392,77,2244100,-1,2244100,78,2242000,100
34489.38402,3,23080385,1,2244100,-1,2244100,77,2242000,100
34490.00523,1,23089014,1,2244000,-1,2244000,1,2242000,100
34490.00544,3,23089014,1,2244000,-1,2246600,4,2242000,100
34490.00544,1,23089024,1,2246500,-1,2246500,1,2242000,100
34490.00544,1,23089025,77,2244000,-1,2244000,77,2242000,100
34490.00551,3,23089025,77,2244000,-1,2246500,1,2242000,100
34490.00561,1,23089037,77,2244800,-1,2244800,77,2242000,100
34490.0057,1,23089042,1,2244700,-1,2244700,1,2242000,100
34490.00587,1,23089049,77,2244700,-1,2244700,78,2242000,100
34490.00587,3,23089042,1,2244700,-1,2244700,77,2242000,100
34490.01425,5,0,200,2242200,1,2244700,77,2242000,100
34490.01476,1,23089383,1,2244600,-1,2244600,1,2242000,100
34490.01494,1,23089393,77,2244600,-1,2244600,78,2242000,100
34490.01495,3,23089383,1,2244600,-1,2244600,77,2242000,100
34490.07248,1,23090721,1,2244500,-1,2244500,1,2242000,100
34490.07266,3,23090721,1,2244500,-1,2246600,4,2242000,100
34490.07266,1,23090724,1,2246500,-1,2246500,1,2242000,100
34490.07266,1,23090725,77,2244500,-1,2244500,77,2242000,100
34490.22319,1,23092756,100,2243700,1,2244500,77,2243700,100
34490.2233,1,23092758,1,2244400,-1,2244400,1,2243700,100
34490.2233,4,23092756,3,2243700,1,2244400,1,2243700,97
34490.22338,4,23092756,97,2243700,1,2244400,1,2242000,100
34490.22348,1,23092766,77,2244400,-1,2244400,78,2242000,100
34490.22349,3,23092758,1,2244400,-1,2244400,77,2242000,100
34491.10703,1,23105970,1,2244300,-1,2244300,1,2242000,100
34491.10722,3,23105970,1,2244300,-1,2246600,4,2242000,100
34491.10722,1,23105973,1,2246500,-1,2246500,1,2242000,100
34491.10723,1,23105975,77,2244300,-1,2244300,77,2242000,100
34491.1073,3,23105975,77,2244300,-1,2246500,1,2242000,100
34491.10739,1,23105984,77,2244800,-1,2244800,77,2242000,100
34491.1075,1,23105988,1,2244700,-1,2244700,1,2242000,100
34491.10766,1,23105992,77,2244700,-1,2244700,78,2242000,100
34491.10768,3,23105988,1,2244700,-1,2244700,77,2242000,100
34491.24266,1,23109459,1,2244600,-1,2244600,1,2242000,100
34491.24284,3,23109459,1,2244600,-1,2246600,4,2242000,100
34491.24284,1,23109467,1,2246500,-1,2246500,1,2242000,100
34491.24285,1,23109469,77,2244600,-1,2244600,77,2242000,100
34491.48265,1,23113999,1,2244500,-1,2244500,1,2242000,100
34491.48282,3,23113999,1,2244500,-1,2246600,4,2242000,100
34491.48282,1,23114004,1,2246500,-1,2246500,1,2242000,100
34491.48283,1,23114006,77,2244500,-1,2244500,77,2242000,100
34491.88739,1,23118331,300,2244300,-1,2244300,300,2242000,100
34491.88751,1,23118335,1,2244200,-1,2244200,1,2242000,100
34491.8877,1,23118341,77,2244200,-1,2244200,78,2242000,100
34493.88308,1,23139178,100,2243900,-1,2243900,100,2242000,100
34493.8832,1,23139180,1,2243800,-1,2243800,1,2242000,100
34493.88339,1,23139187,77,2243800,-1,2243800,78,2242000,100
34498.49005,1,23200868,300,2243500,-1,2243500,300,2242000,100
34498.49017,1,23200872,1,2243400,-1,2243400,1,2242000,100
34498.49038,1,23200875,77,2243400,-1,2243400,78,2242000,100
34498.77003,1,23204531,1,2243300,-1,2243300,1,2242000,100
34498.77014,1,23204534,1,2243200,-1,2243200,1,2242000,100
34498.77033,1,23204537,77,2243200,-1,2243200,78,2242000,100
34499.9126,4,22450352,100,2242000,1,2243200,78,2241200,400
34500.11626,3,23204534,1,2243200,-1,2243200,77,2241200,400
34500.11626,1,23235109,2,2243200,-1,2243200,79,2241200,400
34500.11649,4,22545486,1,2241200,1,2243200,79,2241200,399
34500.1178,4,22545486,1,2241200,1,2243200,79,2241200,398
34500.26884,1,23242423,1,2243200,-1,2243200,80,2241200,398
34502.30142,1,23298883,100,2243000,-1,2243000,100,2241200,398
34502.30154,1,23298886,2,2242900,-1,2242900,2,2241200,398
34502.30175,1,23298900,77,2242900,-1,2242900,79,2241200,398
34502.71987,1,23304833,47,2242600,-1,2242600,47,2241200,398
34502.72001,1,23304841,2,2242500,-1,2242500,2,2241200,398
34502.7202,1,23304854,77,2242500,-1,2242500,79,2241200,398
34503.00343,4,22545486,300,2241200,1,2242500,79,2241200,98
34503.00366,1,23308991,300,2241200,1,2242500,79,2241200,398
34504.67123,4,22545486,2,2241200,1,2242500,79,2241200,396
34506.55456,1,23385854,1,2242400,-1,2242400,1,2241200,396
34506.55469,1,23385856,2,2242300,-1,2242300,2,2241200,396
34506.5549,1,23385862,77,2242300,-1,2242300,79,2241200,396
34506.99601,4,22545486,96,2241200,1,2242300,79,2241200,300
34506.99601,4,23308991,300,2241200,1,2242300,79,2239100,30
34507.01846,3,23385862,77,2242300,-1,2242300,2,2239100,30
34507.01857,1,23401727,77,2241700,-1,2241700,77,2239100,30
34507.01868,1,23401735,2,2241600,-1,2241600,2,2239100,30
34507.01885,1,23401746,77,2241600,-1,2241600,79,2239100,30
34507.01887,3,23401735,2,2241600,-1,2241600,77,2239100,30
34507.01938,1,23401765,2,2241500,-1,2241500,2,2239100,30
34507.01954,1,23401778,77,2241500,-1,2241500,79,2239100,30
34507.01955,3,23401765,2,2241500,-1,2241500,77,2239100,30
34507.02534,1,23401919,2,2241400,-1,2241400,2,2239100,30
34507.02553,1,23401928,77,2241400,-1,2241400,79,2239100,30
34507.02553,3,23401919,2,2241400,-1,2241400,77,2239100,30
34507.13749,1,23404340,2,2241300,-1,2241300,2,2239100,30
34507.13769,1,23404356,77,2241300,-1,2241300,79,2239100,30
34507.13769,3,23404340,2,2241300,-1,2241300,77,2239100,30
34507.14669,1,23405016,2,2241200,-1,2241200,2,2239100,30
34507.14687,1,23405028,77,2241200,-1,2241200,79,2239100,30
34507.1469,3,23405016,2,2241200,-1,2241200,77,2239100,30
34507.14783,1,23405070,2,2241100,-1,2241100,2,2239100,30
34507.14799,1,23405078,77,2241100,-1,2241100,79,2239100,30
34507.148,3,23405070,2,2241100,-1,2241100,77,2239100,30
34507.14824,1,23405086,2,2241000,-1,2241000,2,2239100,30
34507.14842,1,23405097,77,2241000,-1,2241000,79,2239100,30
34507.14843,3,23405086,2,2241000,-1,2241000,77,2239100,30
34507.14955,1,23405159,2,2240900,-1,2240900,2,2239100,30
34507.14973,1,23405165,77,2240900,-1,2240900,79,2239100,30
34507.14974,3,23405159,2,2240900,-1,2240900,77,2239100,30
34509.09463,1,23449699,200,2240900,-1,2240900,277,2239100,30
34509.09476,1,23449703,2,2240800,-1,2240800,2,2239100,30
34509.09497,1,23449710,77,2240800,-1,2240800,79,2239100,30
34510.0289,4,22702485,30,2239100,1,2240800,79,2238000,10
34510.03357,5,0,100,2238100,1,2240800,79,2238000,10
34510.03357,4,22497468,10,2238000,1,2240800,79,2237300,100
34510.03508,1,23466976,100,2240500,-1,2240500,100,2237300,100
34510.03518,1,23466978,2,2240400,-1,2240400,2,2237300,100
34510.03538,1,23466981,77,2240400,-1,2240400,79,2237300,100
34510.58686,1,23477815,100,2240300,-1,2240300,100,2237300,100
34510.58699,1,23477818,2,2240200,-1,2240200,2,2237300,100
34510.5872,1,23477840,77,2240200,-1,2240200,79,2237300,100
34511.99374,3,23477818,2,2240200,-1,2240200,77,2237300,100
34511.99374,1,23506824,3,2240200,-1,2240200,80,2237300,100
34511.99618,3,23506824,3,2240200,-1,2240200,77,2237300,100
34511.99618,1,23507124,4,2240200,-1,2240200,81,2237300,100
34512.18657,1,23513506,100,2240100,-1,2240100,100,2237300,100
34512.18671,1,23513511,4,2240000,-1,2240000,4,2237300,100
34512.18691,1,23513522,77,2240000,-1,2240000,81,2237300,100
34512.70047,1,23543724,100,2239700,-1,2239700,100,2237300,100
34512.70059,1,23543728,4,2239600,-1,2239600,4,2237300,100
34512.70079,1,23543736,77,2239600,-1,2239600,81,2237300,100
34514.46946,4,23543728,4,2239600,-1,2239600,77,2237300,100
34514.46946,4,23543736,77,2239600,-1,2240000,1,2237300,100
34514.46946,5,0,19,2239700,-1,2240000,1,2237300,100
34517.93955,1,23651493,100,2238400,1,2240000,1,2238400,100
34518.00541,3,23651493,100,2238400,1,2240000,1,2237300,100
34518.00541,1,23652780,100,2238600,1,2240000,1,2238600,100
34519.57837,4,23552250,1,2240000,-1,2240200,100,2238600,100
34519.58546,4,23516726,83,2240200,-1,2240200,17,2238600,100
34519.58547,4,23516726,17,2240200,-1,2242600,47,2238600,100
34519.58638,1,23677962,200,2241600,-1,2241600,200,2238600,100
34519.5866,3,23652780,100,2238600,1,2241600,200,2237300,100
34519.5866,1,23677968,100,2238700,1,2241600,200,2238700,100
34519.59083,3,23677962,200,2241600,-1,2242600,47,2238700,100
34519.59083,1,23678050,200,2242200,-1,2242200,200,2238700,100
34520.22195,3,23678050,200,2242200,-1,2242600,47,2238700,100
34520.22195,1,23687913,200,2241900,-1,2241900,200,2238700,100
34522.23947,1,23717865,100,2241800,-1,2241800,100,2238700,100
34522.2406,3,23717865,100,2241800,-1,2241900,200,2238700,100
34522.25322,3,23677968,100,2238700,1,2241900,200,2237300,100
34522.25322,1,23718155,100,2241000,1,2241900,200,2241000,100
34522.25369,3,23687913,200,2241900,-1,2242600,47,2241000,100
34522.25369,1,23718170,200,2242000,-1,2242000,200,2241000,100
34522.25544,3,23718170,200,2242000,-1,2242600,47,2241000,100
34522.25544,1,23718233,200,2242100,-1,2242100,200,2241000,100
34523.71561,3,23718233,200,2242100,-1,2242600,47,2241000,100
34523.71561,1,23741377,200,2242200,-1,2242200,200,2241000,100
34523.71605,3,23741377,200,2242200,-1,2242600,47,2241000,100
34523.71605,1,23741430,200,2242300,-1,2242300,200,2241000,100
34523.71668,3,23741430,200,2242300,-1,2242600,47,2241000,100
34523.71668,1,23741499,200,2242500,-1,2242500,200,2241000,100
34523.71873,3,23741499,200,2242500,-1,2242600,47,2241000,100
34527.35674,1,23808011,200,2242500,-1,2242500,200,2241000,100
34531.48255,3,23808011,200,2242500,-1,2242600,47,2241000,100
34531.48255,1,23866012,200,2242400,-1,2242400,200,2241000,100
34534.72658,1,23910183,79,2241700,-1,2241700,79,2241000,100
34534.75396,3,23718155,100,2241000,1,2241700,79,2240000,30
34534.75396,1,23910496,100,2241400,1,2241700,79,2241400,100
34534.75492,3,23910183,79,2241700,-1,2242400,200,2241400,100
34534.90664,3,23866012,200,2242400,-1,2246100,100,2241400,100
34534.90664,1,23912173,200,2242500,-1,2242500,200,2241400,100
34535.31649,3,23912173,200,2242500,-1,2246100,100,2241400,100
34535.31649,1,23917321,200,2243300,-1,2243300,200,2241400,100
34535.37321,3,23910496,100,2241400,1,2243300,200,2240000,30
34535.37321,1,23917882,100,2241500,1,2243300,200,2241500,100
34535.37352,3,23917321,200,2243300,-1,2246100,100,2241500,100
34535.37352,1,23917888,200,2243500,-1,2243500,200,2241500,100
34535.37362,1,23917889,100,2243500,-1,2243500,300,2241500,100
34535.40371,4,23917882,100,2241500,1,2243500,300,2240000,30
34535.43239,3,23917889,100,2243500,-1,2243500,200,2240000,30
34535.93965,3,23917888,200,2243500,-1,2246100,100,2240000,30
34535.93965,1,23923527,200,2243700,-1,2243700,200,2240000,30
34535.94101,3,23923527,200,2243700,-1,2246100,100,2240000,30
34535.94101,1,23923539,200,2243800,-1,2243800,200,2240000,30
34535.94356,3,23923539,200,2243800,-1,2246100,100,2240000,30
34535.94356,1,23923565,200,2244200,-1,2244200,200,2240000,30
34535.9439,3,23923565,200,2244200,-1,2246100,100,2240000,30
34535.9439,1,23923572,200,2244400,-1,2244400,200,2240000,30
34535.94516,3,23923572,200,2244400,-1,2246100,100,2240000,30
34535.94516,1,23923594,200,2243600,-1,2243600,200,2240000,30
34536.12072,3,23923594,200,2243600,-1,2246100,100,2240000,30
34536.12072,1,23925565,200,2243800,-1,2243800,200,2240000,30
34536.24018,3,23925565,200,2243800,-1,2246100,100,2240000,30
34536.24018,1,23926836,200,2243500,-1,2243500,200,2240000,30
34536.72715,1,23932733,79,2241300,-1,2241300,79,2240000,30
34538.70249,4,23907873,30,2240000,1,2241300,79,2238800,275
34538.70271,1,23955825,100,2239400,-1,2239400,100,2238800,275
34538.7028,4,23955825,100,2239400,-1,2241300,79,2238800,275
34538.70282,5,0,100,2239400,-1,2241300,79,2238800,275
34538.70282,5,0,100,2239400,-1,2241300,79,2238800,275
34538.70283,5,0,200,2239400,-1,2241300,79,2238800,275
34538.70283,5,0,74,2239400,-1,2241300,79,2238800,275
34538.70288,3,23923519,200,2238800,1,2241300,79,2238800,75
34540.08626,1,23982445,100,2241300,-1,2241300,179,2238800,75
34540.09644,3,23982445,100,2241300,-1,2241300,79,2238800,75
34543.04827,1,24018868,200,2241300,-1,2241300,279,2238800,75
34547.41661,3,24018868,200,2241300,-1,2241300,79,2238800,75
34548.20514,1,24104731,100,2238900,1,2241300,79,2238900,100
34549.69224,1,24128897,200,2241000,-1,2241000,200,2238900,100
34550.31198,1,24139782,100,2240000,-1,2240000,100,2238900,100
34550.59301,4,24139782,30,2240000,-1,2240000,70,2238900,100
34553.25892,4,24104731,100,2238900,1,2240000,70,2238800,75
34559.99892,4,24139782,70,2240000,-1,2241300,79,2238800,75
34562.72888,3,23932733,79,2241300,-1,2241500,100,2238800,75
34563.64827,1,24336628,100,2241300,-1,2241300,100,2238800,75
34563.64867,1,24336632,200,2241300,-1,2241300,300,2238800,75
34563.66763,1,24336910,100,2241200,-1,2241200,100,2238800,75
34563.8739,3,24336910,100,2241200,-1,2241300,300,2238800,75
34564.72813,1,24349254,64,2240400,-1,2240400,64,2238800,75
34565.51522,1,24365588,100,2239900,-1,2239900,100,2238800,75
34565.53063,4,23849760,75,2238800,1,2239900,100,2236700,100
34565.61679,1,24368440,100,2238500,1,2239900,100,2238500,100
34566.02189,4,24368440,100,2238500,1,2239900,100,2236700,100
34572.66474,1,24487326,100,2238200,1,2239900,100,2238200,100
34576.20797,4,24487326,100,2238200,1,2239900,100,2236000,7
34576.20845,1,24535430,200,2239900,-1,2239900,300,2236000,7
34576.21396,1,24535601,100,2239800,-1,2239800,100,2236000,7
34576.21492,3,24535601,100,2239800,-1,2239900,300,2236000,7
34577.17652,3,24535430,200,2239900,-1,2239900,100,2236000,7
34577.21321,1,24582624,100,2237300,1,2239900,100,2237300,100
34577.21329,1,24582650,100,2237300,1,2239900,100,2237300,200
34577.62223,3,24582650,100,2237300,1,2239900,100,2237300,100
34578.43071,3,24582624,100,2237300,1,2239900,100,2236000,7
34581.7678,1,24690789,100,2239700,-1,2239700,100,2236000,7
34583.00628,3,24690789,100,2239700,-1,2239900,100,2236000,7
34585.08616,1,24760049,50,2239600,1,2239900,100,2239600,50
34585.08671,4,24365588,100,2239900,-1,2240400,64,2239600,50
34585.08671,5,0,20,2239900,-1,2240400,64,2239600,50
34585.08715,1,24760732,80,2239900,-1,2239900,80,2239600,50
34585.08861,4,24760732,80,2239900,-1,2240400,64,2239600,50
34586.20065,3,24760049,50,2239600,1,2240400,64,2238600,100
34586.22672,3,24765547,100,2238600,1,2240400,64,2236000,7
34586.31159,1,24804599,200,2238600,1,2240400,64,2238600,200
34586.92307,4,24349254,64,2240400,-1,2241500,300,2238600,200
34586.92857,5,0,100,2241300,-1,2241500,300,2238600,200
34586.93436,5,0,100,2241300,-1,2241500,300,2238600,200
34586.93516,5,0,100,2241400,-1,2241500,300,2238600,200
34586.93995,4,24081270,100,2241500,-1,2241500,200,2238600,200
34586.93995,4,24802400,100,2241500,-1,2241500,100,2238600,200
34586.94055,3,24802400,100,2241500,-1,2242500,100,2238600,200
34586.94055,1,24814632,100,2242200,-1,2242200,100,2238600,200
34586.94464,3,24814632,100,2242200,-1,2242500,100,2238600,200
34586.95817,1,24814880,300,2242500,-1,2242500,400,2238600,200
34586.99383,3,24814880,300,2242500,-1,2242500,100,2238600,200
34587.73231,1,24827088,300,2238700,1,2242500,100,2238700,300
34589.26925,1,24870564,100,2242400,-1,2242400,100,2238700,300
34591.10234,1,24903476,100,2242400,-1,2242400,200,2238700,300
34591.45846,5,0,2,2239200,1,2242400,200,2238700,300
34591.46009,5,0,2,2239300,1,2242400,200,2238700,300
34591.46076,3,24827088,300,2238700,1,2242400,200,2238600,200
34591.46157,1,24910964,200,2242300,-1,2242300,200,2238600,200
34591.46364,5,0,2,2239400,1,2242300,200,2238600,200
34598.477,1,25038500,100,2242300,-1,2242300,300,2238600,200
34599.17861,1,25053706,100,2242200,-1,2242200,100,2238600,200
34599.68641,1,25061446,400,2242100,-1,2242100,400,2238600,200
34602.33612,1,25100616,100,2242000,-1,2242000,100,2238600,200
34602.88651,1,25106450,300,2241900,-1,2241900,300,2238600,200
34604.6762,1,25143157,100,2241900,-1,2241900,400,2238600,200
34606.50546,1,25164163,100,2240800,1,2241900,400,2240800,100
34606.50558,4,25164163,100,2240800,1,2241900,400,2238600,200
34607.13219,3,25143157,100,2241900,-1,2241900,300,2238600,200
34611.14829,3,25106450,300,2241900,-1,2242000,100,2238600,200
34611.68628,1,25232065,100,2241700,-1,2241700,100,2238600,200
34611.69052,1,25232096,100,2238700,1,2241700,100,2238700,100
34611.74334,1,25232651,100,2241700,-1,2241700,200,2238700,100
34611.97214,3,25232065,100,2241700,-1,2241700,100,2238700,100
34611.98813,3,25232096,100,2238700,1,2241700,100,2238600,200
34616.01412,1,25315106,200,2240400,1,2241700,100,2240400,200
34617.0651,5,0,100,2241600,-1,2241700,100,2240400,200
34627.85594,3,25232651,100,2241700,-1,2242300,100,2240400,200
34628.3971,1,25473038,100,2241600,-1,2241600,100,2240400,200
34629.11804,1,25482160,100,2241500,-1,2241500,100,2240400,200
34630.16902,5,0,94,2240500,1,2241500,100,2240400,200
34630.16902,5,0,6,2240500,1,2241500,100,2240400,200
34630.16913,5,0,94,2240500,1,2241500,100,2240400,200
34630.16913,5,0,6,2240500,1,2241500,100,2240400,200
34630.16975,5,0,134,2240500,1,2241500,100,2240400,200
34630.16975,5,0,46,2240500,1,2241500,100,2240400,200
34630.17534,5,0,54,2240500,1,2241500,100,2240400,200
34630.17534,4,25315106,146,2240400,1,2241500,100,2240400,54
34630.17618,4,25315106,54,2240400,1,2241500,100,2238600,200
34630.17924,1,25516180,200,2241500,-1,2241500,300,2238600,200
34630.18816,1,25517117,100,2241300,-1,2241300,100,2238600,200
34630.19364,3,25517117,100,2241300,-1,2241500,300,2238600,200
34630.1954,1,25517669,100,2239000,1,2241500,300,2239000,100
34634.37318,1,25604259,100,2240400,1,2241500,300,2240400,100
34634.37355,4,25604259,14,2240400,1,2241500,300,2240400,86
34636.0098,3,25516180,200,2241500,-1,2241500,100,2240400,86
34636.0098,1,25633026,200,2241200,-1,2241200,200,2240400,86
34636.67664,3,25633026,200,2241200,-1,2241500,100,2240400,86
34636.67664,1,25647568,200,2241300,-1,2241300,200,2240400,86
34638.36241,3,25647568,200,2241300,-1,2241500,100,2240400,86
34638.36241,1,25669288,200,2241500,-1,2241500,300,2240400,86
34638.38789,3,25669288,200,2241500,-1,2241500,100,2240400,86
34639.9851,5,0,100,2241300,-1,2241500,100,2240400,86
34640.24714,4,25482160,100,2241500,-1,2241600,100,2240400,86
34640.2689,4,25473038,100,2241600,-1,2242300,300,2240400,86
34640.26912,1,25706199,100,2241600,-1,2241600,100,2240400,86
34641.60964,1,25723178,100,2241600,-1,2241600,200,2240400,86
34647.81359,1,25806897,200,2241600,-1,2241600,400,2240400,86
34648.09444,3,25706199,100,2241600,-1,2241600,300,2240400,86
34652.71763,1,25873818,100,2241500,-1,2241500,100,2240400,86
34652.71801,1,25873824,200,2241500,-1,2241500,300,2240400,86
34653.36403,1,25880288,100,2241500,-1,2241500,400,2240400,86
34654.63445,4,25604259,25,2240400,1,2241500,400,2240400,61
34655.42797,1,25919165,100,2241500,-1,2241500,500,2240400,61
34657.39802,4,25604259,2,2240400,1,2241500,500,2240400,59
34657.39877,4,25604259,2,2240400,1,2241500,500,2240400,57
34657.4005,4,25604259,2,2240400,1,2241500,500,2240400,55
34657.40056,4,25604259,55,2240400,1,2241500,500,2240000,100
34658.01095,3,25919165,100,2241500,-1,2241500,400,2240000,100
34660.02922,3,25873818,100,2241500,-1,2241500,300,2240000,100
34660.83801,3,25901415,100,2240000,1,2241500,300,2238600,200
34660.84176,3,25873824,200,2241500,-1,2241500,100,2238600,200
34660.84381,1,25984798,100,2240500,1,2241500,100,2240500,100
34661.86404,5,0,300,2241200,-1,2241500,100,2240500,100
34661.86404,4,25880288,100,2241500,-1,2241600,200,2240500,100
34661.86453,3,25984783,200,2241600,-1,2242300,100,2240500,100
34661.86453,1,25993391,200,2242000,-1,2242000,200,2240500,100
34661.8695,3,25993391,200,2242000,-1,2242300,100,2240500,100
34663.89136,1,26008683,200,2240600,1,2242300,100,2240600,200
34664.22478,4,25054870,100,2242300,-1,2242500,100,2240600,200
34665.77588,1,26057784,100,2240600,1,2242500,100,2240600,300
34666.91721,1,26069606,200,2242300,-1,2242300,200,2240600,300
34672.65539,3,26069606,200,2242300,-1,2242500,100,2240600,300
34672.6555,1,26166946,200,2242100,-1,2242100,200,2240600,300
34675.73891,1,26251406,100,2240800,1,2242100,200,2240800,100
34675.96768,1,26255945,100,2240800,1,2242100,200,2240800,200
34677.01994,1,26270795,100,2242000,-1,2242000,100,2240800,200
34679.89891,1,26311330,100,2242000,-1,2242000,200,2240800,200
34680.49449,5,0,2,2240900,1,2242000,200,2240800,200
34680.49693,1,26319642,100,2241800,-1,2241800,100,2240800,200
34680.53025,3,26319642,100,2241800,-1,2242000,200,2240800,200
34681.17934,5,0,23,2240900,1,2242000,200,2240800,200
34681.17934,5,0,77,2240900,1,2242000,200,2240800,200
34682.66516,1,26352029,200,2241800,-1,2241800,200,2240800,200
34683.73712,1,26372408,100,2241600,-1,2241600,100,2240800,200
34683.84095,5,0,21,2240900,1,2241600,100,2240800,200
34683.84095,4,26251406,100,2240800,1,2241600,100,2240800,100
34683.84095,4,26255945,79,2240800,1,2241600,100,2240800,21
34683.84104,4,26255945,21,2240800,1,2241600,100,2240600,200
34683.8415,4,26008683,200,2240600,1,2241600,100,2238600,200
34683.84177,1,26382039,100,2240600,1,2241600,100,2240600,100
34683.84243,3,26372408,100,2241600,-1,2241800,200,2240600,100
34683.85664,4,26382039,100,2240600,1,2241800,200,2238600,200
34683.85736,1,26383007,100,2239000,1,2241800,200,2239000,100
34683.91141,1,26386077,100,2241600,-1,2241600,100,2239000,100
34684.70339,1,26404124,100,2240200,1,2241600,100,2240200,100
34686.38644,1,26431803,100,2241500,-1,2241500,100,2240200,100
34686.40016,1,26431949,100,2241500,-1,2241500,200,2240200,100
34686.90776,5,0,100,2241200,-1,2241500,200,2240200,100
34686.90914,3,26431803,100,2241500,-1,2241500,100,2240200,100
34690.02785,1,26504391,100,2240200,1,2241500,100,2240200,200
34698.53709,1,26656019,100,2241400,-1,2241400,100,2240200,200
34700.08274,5,0,20,2240300,1,2241400,100,2240200,200
34700.08274,5,0,20,2240300,1,2241400,100,2240200,200
34700.08274,5,0,20,2240300,1,2241400,100,2240200,200
34700.08274,4,26404124,100,2240200,1,2241400,100,2240200,100
34700.08274,4,26504391,40,2240200,1,2241400,100,2240200,60
34700.08288,4,26504391,60,2240200,1,2241400,100,2239000,100
34700.08494,3,26383007,100,2239000,1,2241400,100,2238600,200
34700.08568,1,26725734,100,2238800,1,2241400,100,2238800,100
34700.08635,1,26725822,200,2240000,1,2241400,100,2240000,200
34700.09222,4,26725822,200,2240000,1,2241400,100,2239000,100
34700.09223,3,26656019,100,2241400,-1,2241500,100,2239000,100
34700.09399,3,26725907,100,2239000,1,2241500,100,2238600,200
34700.09437,1,26726568,100,2240100,-1,2240100,100,2238600,200
34700.09467,1,26726600,100,2238800,1,2240100,100,2238800,100
34700.09939,3,26726600,100,2238800,1,2240100,100,2238600,200
34700.18135,3,26726568,100,2240100,-1,2241500,100,2238600,200
34700.37826,1,26747069,100,2241400,-1,2241400,100,2238600,200
34700.60193,1,26754380,100,2241300,-1,2241300,100,2238600,200
34700.68636,3,26754380,100,2241300,-1,2241400,100,2238600,200
34700.7038,3,26747069,100,2241400,-1,2241500,100,2238600,200
34701.07235,1,26773563,100,2241400,-1,2241400,100,2238600,200
34701.23672,1,26781174,100,2241300,-1,2241300,100,2238600,200
34702.08989,1,26801867,100,2241300,-1,2241300,200,2238600,200
34702.59604,1,26812611,100,2239000,1,2241300,200,2239000,100
34703.05733,3,26812611,100,2239000,1,2241300,200,2238600,200
34703.0765,1,26822725,79,2240100,1,2241300,200,2240100,79
34703.07795,3,26781174,100,2241300,-1,2241300,100,2240100,79
34703.17326,1,26824533,35,2240100,1,2241300,100,2240100,114
34703.58641,1,26831696,100,2241100,-1,2241100,100,2240100,114
34703.59619,3,26831696,100,2241100,-1,2241300,100,2240100,114
34704.13695,1,26843995,100,2241100,-1,2241100,100,2240100,114
34706.15708,4,26822725,79,2240100,1,2241100,100,2240100,35
34706.15708,4,26824533,21,2240100,1,2241100,100,2240100,14
34706.15857,3,26843995,100,2241100,-1,2241300,100,2240100,14
34706.16039,4,26824533,14,2240100,1,2241300,100,2238600,200
34706.68655,1,26915143,200,2241200,-1,2241200,200,2238600,200
34710.00671,1,27032585,100,2241200,-1,2241200,300,2238600,200
34710.20866,1,27044291,200,2241100,-1,2241100,200,2238600,200
34710.73611,1,27063686,400,2241000,-1,2241000,400,2238600,200
34711.6556,4,24804599,10,2238600,1,2241000,400,2238600,190
34711.76719,1,27092797,100,2241000,-1,2241000,500,2238600,190
34712.61772,4,24804599,190,2238600,1,2241000,500,2236700,100
34712.61772,5,0,10,2238600,1,2241000,500,2236700,100
34712.61795,1,27111446,200,2238600,1,2241000,500,2238600,200
34712.61803,1,27111452,100,2241000,-1,2241000,600,2238600,200
34712.66729,3,27111452,100,2241000,-1,2241000,500,2238600,200
34712.73585,1,27115888,6,2239700,-1,2239700,6,2238600,200
34712.73768,4,27111446,100,2238600,1,2239700,6,2238600,100
34712.73775,4,27111446,100,2238600,1,2239700,6,2237000,100
34712.73796,1,27115977,90,2238600,1,2239700,6,2238600,90
34712.74491,4,27115977,90,2238600,1,2239700,6,2236700,100
34713.33619,1,27128801,100,2239400,-1,2239400,100,2236700,100
34713.34592,3,27128801,100,2239400,-1,2239700,6,2236700,100
34714.08663,1,27169735,100,2239600,-1,2239600,100,2236700,100
34714.09355,3,27169735,100,2239600,-1,2239700,6,2236700,100
34714.63743,1,27208693,200,2239600,-1,2239600,200,2236700,100
34714.64402,3,27208693,200,2239600,-1,2239700,6,2236700,100
34715.18629,1,27234680,100,2239600,-1,2239600,100,2236700,100
34715.19297,3,27234680,100,2239600,-1,2239700,6,2236700,100
34715.63058,3,26595301,100,2236700,1,2239700,6,2236200,114
34715.96926,1,27252241,100,2239400,1,2239700,6,2239400,100
34715.96937,4,27115888,6,2239700,-1,2241000,100,2239400,100
34716.43639,1,27262700,100,2240700,-1,2240700,100,2239400,100
34716.43646,1,27262702,100,2240700,-1,2240700,200,2239400,100
34716.44604,3,27262700,100,2240700,-1,2240700,100,2239400,100
34716.60474,4,27252241,100,2239400,1,2240700,100,2236400,114
34716.60559,1,27265617,100,2237100,1,2240700,100,2237100,100
34716.60813,3,27265617,100,2237100,1,2240700,100,2236400,114
34716.60877,1,27265663,100,2237000,1,2240700,100,2237000,100
34716.71971,3,27265663,100,2237000,1,2240700,100,2236200,114
34716.72036,1,27268847,100,2236900,1,2240700,100,2236900,100
34717.26866,3,27262702,100,2240700,-1,2241000,100,2236900,100
34717.59327,1,27286346,100,2237100,1,2241000,100,2237100,100
34717.59399,1,27286359,100,2237200,1,2241000,100,2237200,100
34717.66052,1,27287467,200,2240600,-1,2240600,200,2237200,100
34717.66977,3,27287467,200,2240600,-1,2241000,100,2237200,100
34718.17339,1,27297454,200,2240900,-1,2240900,200,2237200,100
34718.17625,3,27297454,200,2240900,-1,2241000,100,2237200,100
34718.68663,1,27306599,100,2240600,-1,2240600,100,2237200,100
34718.69065,3,27286359,100,2237200,1,2240600,100,2236200,114
34718.69683,3,27306599,100,2240600,-1,2241000,100,2236200,114
34719.23667,1,27317890,100,2240600,-1,2240600,100,2236200,114
34719.24865,3,27317890,100,2240600,-1,2241000,100,2236200,114
34719.66707,1,27326048,100,2240500,-1,2240500,100,2236200,114
34719.98491,3,27232265,114,2236200,1,2240500,100,2236000,107
34719.98507,1,27332967,114,2236000,1,2240500,100,2236000,221
34720.60006,1,27345923,25,2240000,1,2240500,100,2240000,25
34720.60016,4,27345923,6,2240000,1,2240500,100,2240000,19
34720.60019,4,27345923,19,2240000,1,2240500,100,2236000,221
34720.6002,1,27345929,114,2236600,1,2240500,100,2236600,114
34720.70271,3,27345929,114,2236600,1,2240500,100,2236000,221
34722.87697,1,27406389,100,2240100,-1,2240100,100,2236000,221
34732.26233,1,27586177,100,2240000,-1,2240000,100,2236000,221
34739.0868,1,27705120,100,2239800,-1,2239800,100,2236000,221
34739.23681,3,27705120,100,2239800,-1,2240000,100,2236000,221
34739.98613,1,27721911,100,2239800,-1,2239800,100,2236000,221
34740.38648,3,27721911,100,2239800,-1,2240000,100,2236000,221
34740.93716,1,27764060,200,2239800,-1,2239800,200,2236000,221
34741.00251,3,27332967,114,2236000,1,2239800,200,2236000,107
34742.81882,1,27806714,100,2239700,-1,2239700,100,2236000,107
34743.53627,1,27823542,100,2239500,-1,2239500,100,2236000,107
34744.92494,3,27823542,100,2239500,-1,2239700,100,2236000,107
34744.92671,1,27870490,100,2238700,-1,2238700,100,2236000,107
34745.02742,3,27870490,100,2238700,-1,2239700,100,2236000,107
34745.42969,1,27883900,100,2236200,1,2239700,100,2236200,100
34751.78614,1,28000085,100,2239500,-1,2239500,100,2236200,100
34752.1861,3,28000085,100,2239500,-1,2239700,100,2236200,100
34753.18637,1,28019423,100,2239500,-1,2239500,100,2236200,100
34753.286,3,28019423,100,2239500,-1,2239700,100,2236200,100
34755.4695,1,28054976,100,2238600,1,2239700,100,2238600,100
34756.37502,1,28073237,100,2239600,-1,2239600,100,2238600,100
34757.77572,1,28093908,100,2238600,1,2239600,100,2238600,200
34758.41111,1,28104182,100,2239400,1,2239600,100,2239400,100
34758.41769,1,28104265,100,2239400,1,2239600,100,2239400,200
34758.41877,4,28073237,100,2239600,-1,2241300,100,2239400,200
34758.4421,3,28102514,100,2241300,-1,2241500,100,2239400,200
34758.44279,1,28104778,100,2241200,-1,2241200,100,2239400,200
34758.44289,1,28104780,100,2241200,-1,2241200,200,2239400,200
34758.44289,1,28104781,100,2241200,-1,2241200,300,2239400,200
34758.44396,1,28104823,200,2240700,1,2241200,300,2240700,200
34758.63105,3,28104780,100,2241200,-1,2241200,200,2240700,200
34759.23783,3,28104823,200,2240700,1,2241200,200,2237800,100
34759.24096,1,28118987,100,2241100,-1,2241100,100,2237800,100
34759.24104,1,28118989,100,2241100,-1,2241100,200,2237800,100
34759.24606,3,28118987,100,2241100,-1,2241100,100,2237800,100
34759.34473,1,28120488,100,2238900,1,2241100,100,2238900,100
34759.41979,3,28118989,100,2241100,-1,2241200,100,2238900,100
34759.76547,3,28104778,100,2241200,-1,2241900,100,2238900,100
34759.76553,1,28129226,100,2239700,-1,2239700,100,2238900,100
34761.26331,3,28129226,100,2239700,-1,2241900,100,2238900,100
34761.29988,3,28118075,100,2241900,-1,2242000,300,2238900,100
34762.70926,3,27992970,200,2242000,-1,2242000,100,2238900,100
34763.14489,1,28181287,100,2241200,-1,2241200,100,2238900,100
34763.14498,1,28181291,100,2241200,-1,2241200,200,2238900,100
34763.43695,3,28181291,100,2241200,-1,2241200,100,2238900,100
34765.51663,1,28222402,100,2239700,1,2241200,100,2239700,100
34765.52257,1,28222560,100,2239700,1,2241200,100,2239700,200
34766.38738,4,28181287,100,2241200,-1,2242000,100,2239700,200
34766.39472,1,28240173,100,2241600,-1,2241600,100,2239700,200
34766.3948,1,28240193,100,2241600,-1,2241600,200,2239700,200
34766.39481,1,28240196,100,2241600,-1,2241600,300,2239700,200
34766.40207,3,28222402,100,2239700,1,2241600,300,2239700,100
34766.41578,3,28240173,100,2241600,-1,2241600,200,2239700,100
34766.44078,4,28240193,51,2241600,-1,2241600,149,2239700,100
34766.44491,3,28240193,49,2241600,-1,2241600,100,2239700,100
34766.66771,3,28240196,100,2241600,-1,2242000,100,2239700,100
34766.73603,1,28265001,100,2239800,1,2242000,100,2239800,100
34766.81811,4,26311330,100,2242000,-1,2242500,100,2239800,100
34769.20736,3,28265001,100,2239800,1,2242500,100,2239700,100
34769.20933,3,28222560,100,2239700,1,2242500,100,2239400,100
34769.21684,4,23990042,100,2242500,-1,2243000,100,2239400,100
34770.53108,1,28364542,100,2242900,-1,2242900,100,2239400,100
34770.53117,1,28364564,100,2242900,-1,2242900,200,2239400,100
34770.53641,1,28365855,100,2239900,1,2242900,200,2239900,100
34770.53766,3,28365855,100,2239900,1,2242900,200,2239400,100
34771.46604,3,28364564,100,2242900,-1,2242900,100,2239400,100
34773.88947,3,28364542,100,2242900,-1,2243000,100,2239400,100
34774.3014,1,28435227,100,2242800,-1,2242800,100,2239400,100
34774.30148,1,28435228,100,2242800,-1,2242800,200,2239400,100
34774.47988,3,28435228,100,2242800,-1,2242800,100,2239400,100
34776.63603,1,28470908,100,2242700,-1,2242700,100,2239400,100
34776.63613,1,28470910,100,2242700,-1,2242700,200,2239400,100
34776.82771,3,28470908,100,2242700,-1,2242700,100,2239400,100
34776.82839,1,28473608,100,2242000,-1,2242000,100,2239400,100
34782.64983,3,28473608,100,2242000,-1,2242100,100,2239400,100
34782.64993,1,28556581,100,2241800,-1,2241800,100,2239400,100
34783.34256,3,28338053,100,2239400,1,2241800,100,2238300,100
34783.71538,1,28570803,100,2241700,-1,2241700,100,2238300,100
34784.13461,1,28578184,100,2241700,-1,2241700,200,2238300,100
34784.67455,3,28256215,100,2238300,1,2241700,200,2238000,100
34791.97083,5,0,100,2241600,-1,2241700,200,2238000,100
34791.97083,5,0,100,2241600,-1,2241700,200,2238000,100
34791.97154,3,28570803,100,2241700,-1,2241700,100,2238000,100
34793.18728,3,28409530,100,2238000,1,2241700,100,2237100,114
34793.73796,1,28759677,100,2237700,1,2241700,100,2237700,100
34796.48599,1,28801911,100,2241600,-1,2241600,100,2237700,100
34800.28654,3,28801911,100,2241600,-1,2241700,100,2237700,100
34801.12165,3,28578184,100,2241700,-1,2242800,100,2237700,100
34801.12186,1,28889060,100,2241600,-1,2241600,100,2237700,100
34805.53384,1,28952644,100,2238100,1,2241600,100,2238100,100
34805.53441,1,28952676,100,2241500,-1,2241500,100,2238100,100
34805.53676,3,28952644,100,2238100,1,2241500,100,2237700,100
34805.53741,1,28952794,100,2237800,1,2241500,100,2237800,100
34805.5389,3,28952676,100,2241500,-1,2241600,100,2237800,100
34805.54723,3,28952794,100,2237800,1,2241600,100,2237700,100
34806.98674,1,28972672,100,2241500,-1,2241500,100,2237700,100
34810.38606,3,28972672,100,2241500,-1,2241600,100,2237700,100
34810.83805,3,28889060,100,2241600,-1,2242800,100,2237700,100
34810.83822,1,29030590,100,2241500,-1,2241500,100,2237700,100
34811.14463,1,29034867,100,2241500,-1,2241500,200,2237700,100
34811.18204,1,29035435,100,2241400,-1,2241400,100,2237700,100
34811.93662,1,29045230,100,2241300,-1,2241300,100,2237700,100
34814.12602,1,29086236,100,2241300,-1,2241300,200,2237700,100
34814.12892,3,29045230,100,2241300,-1,2241300,100,2237700,100
34814.1391,1,29086910,100,2238100,1,2241300,100,2238100,100
34814.30541,1,29092003,75,2240100,-1,2240100,75,2238100,100
34814.30785,3,29086910,100,2238100,1,2240100,75,2236700,214
34814.3245,1,29092721,100,2237400,1,2240100,75,2237400,100
34814.33238,3,29092721,100,2237400,1,2240100,75,2236700,214
34814.47494,1,29106503,1,2240000,-1,2240000,1,2236700,214
34814.47726,3,29106503,1,2240000,-1,2240100,75,2236700,214
34814.47726,1,29107250,2,2240000,-1,2240000,2,2236700,214
34814.52551,1,29112174,200,2236900,1,2240000,2,2236900,200
34816.35339,3,29112174,200,2236900,1,2240000,2,2236700,114
34816.35339,1,29162535,200,2236800,1,2240000,2,2236800,200
34816.87459,3,29162535,200,2236800,1,2240000,2,2236700,114
34816.87459,1,29169555,200,2236700,1,2240000,2,2236700,314
34816.94584,4,29107250,2,2240000,-1,2240100,75,2236700,314
34816.94584,1,29171582,11,2240000,1,2240100,75,2240000,11
34816.94595,4,29171582,11,2240000,1,2240100,75,2236700,314
34816.94597,3,29055774,114,2236700,1,2240100,75,2236700,200
34824.66189,4,29092003,36,2240100,-1,2240100,39,2236700,200
34828.88132,4,29092003,39,2240100,-1,2240400,100,2236700,200
34828.88132,4,29353724,61,2240400,-1,2240400,39,2236700,200
34828.88157,1,29366093,19,2240100,1,2240400,39,2240100,19
34828.88169,4,29366093,19,2240100,1,2240400,39,2236700,200
34828.90424,1,29372238,100,2238800,1,2240400,39,2238800,100
34828.90434,4,29353724,39,2240400,-1,2240600,190,2238800,100
34828.90478,4,29189328,90,2240600,-1,2240600,100,2238800,100
34828.90478,4,29264701,10,2240600,-1,2240600,90,2238800,100
34828.90489,4,29264701,90,2240600,-1,2241400,100,2238800,100
34828.90519,3,29372238,100,2238800,1,2241400,100,2236900,114
34828.91382,5,0,26,2241200,-1,2241400,100,2236900,114
34828.9377,3,29372327,114,2236900,1,2241400,100,2236700,200
34829.16088,1,29382284,100,2237500,1,2241400,100,2237500,100
34829.51818,5,0,1,2239500,1,2241400,100,2237500,100
34829.51896,5,0,2,2239600,1,2241400,100,2237500,100
34829.52895,5,0,2,2239700,1,2241400,100,2237500,100
34829.5299,5,0,2,2239800,1,2241400,100,2237500,100
34829.53644,5,0,2,2239900,1,2241400,100,2237500,100
34829.67814,5,0,2,2239500,1,2241400,100,2237500,100
34830.20526,5,0,2,2239600,1,2241400,100,2237500,100
34830.93866,5,0,2,2239700,1,2241400,100,2237500,100
34831.91489,1,29426472,100,2241100,-1,2241100,100,2237500,100
34832.22496,1,29431625,100,2237500,1,2241100,100,2237500,200
34832.22567,3,29431625,100,2237500,1,2241100,100,2237500,100
34833.03292,1,29442413,100,2237500,1,2241100,100,2237500,200
34846.56761,1,29639018,100,2241000,-1,2241000,100,2237500,200
34847.42355,5,0,67,2240600,-1,2241000,100,2237500,200
34847.42355,4,29639018,33,2241000,-1,2241000,67,2237500,200
34847.42404,4,29639018,67,2241000,-1,2241100,100,2237500,200
34847.42404,4,29426472,33,2241100,-1,2241100,67,2237500,200
34847.42506,4,29426472,67,2241100,-1,2241200,100,2237500,200
34847.42506,4,29586814,33,2241200,-1,2241200,67,2237500,200
34847.42523,1,29680414,114,2237500,1,2241200,67,2237500,314
34847.42753,3,29586814,67,2241200,-1,2241400,100,2237500,314
34847.43612,1,29684632,100,2239100,1,2241400,100,2239100,100
34847.45916,4,29035435,1,2241400,-1,2241400,99,2239100,100
34847.46647,3,29684632,100,2239100,1,2241400,99,2237800,114
34847.49632,1,29694454,100,2238600,1,2241400,99,2238600,100
34847.98635,1,29720835,100,2239100,1,2241400,99,2239100,100
34848.02602,1,29722606,33,2240200,1,2241400,99,2240200,33
34848.0878,3,29722606,33,2240200,1,2241400,99,2238600,100
34848.08865,1,29725484,33,2240600,1,2241400,99,2240600,33
34848.09165,3,29725484,33,2240600,1,2241400,99,2238600,100
34848.09235,1,29725626,33,2240200,1,2241400,99,2240200,33
34848.19092,3,29725626,33,2240200,1,2241400,99,2238600,100
34848.19172,1,29728169,33,2240700,1,2241400,99,2240700,33
34848.19479,3,29728169,33,2240700,1,2241400,99,2238600,100
34848.19549,1,29728251,33,2240300,1,2241400,99,2240300,33
34848.22979,3,29728251,33,2240300,1,2241400,99,2238600,100
34848.23046,1,29728833,33,2240700,1,2241400,99,2240700,33
34848.23092,3,29728833,33,2240700,1,2241400,99,2238600,100
34848.23158,1,29728852,33,2240800,1,2241400,99,2240800,33
34848.26711,3,29728852,33,2240800,1,2241400,99,2238600,100
34848.26775,1,29729409,33,2240700,1,2241400,99,2240700,33
34848.53826,4,29035435,99,2241400,-1,2242500,50,2240700,33
34848.54464,3,29729409,33,2240700,1,2242500,50,2239700,200
34848.54535,1,29741922,33,2241100,1,2242500,50,2241100,33
34848.55458,1,29742099,17,2241500,-1,2241500,17,2241100,33
34848.55467,4,29742099,1,2241500,-1,2241500,16,2241100,33
34848.55516,3,29741922,33,2241100,1,2241500,16,2238600,100
34848.55581,1,29742138,33,2240900,1,2241500,16,2240900,33
34852.42805,4,29742099,16,2241500,-1,2241700,100,2240900,33
34852.42805,5,0,84,2241600,-1,2241700,100,2240900,33
34852.42894,3,29742138,33,2240900,1,2241700,100,2239600,100
34852.42968,1,29825292,33,2241000,1,2241700,100,2241000,33
34852.52417,3,29825292,33,2241000,1,2241700,100,2238600,100
34852.52479,1,29827095,33,2240900,1,2241700,100,2240900,33
34852.52489,4,29827095,33,2240900,1,2241700,100,2238600,100
34855.62911,5,0,2,2239300,1,2241700,100,2238600,100
34855.63076,1,29877071,200,2241600,-1,2241600,200,2238600,100
34855.74428,1,29879335,100,2241600,-1,2241600,300,2238600,100
34855.77208,5,0,500,2240300,-1,2241600,300,2238600,100
34855.77208,4,29877071,200,2241600,-1,2241600,100,2238600,100
34855.77208,4,29879335,100,2241600,-1,2241700,100,2238600,100
34855.77263,4,29776872,100,2241700,-1,2242500,50,2238600,100
34855.77396,1,29879600,100,2239100,1,2242500,50,2239100,100
34855.91285,1,29881371,200,2239100,1,2242500,50,2239100,300
34856.0325,1,29884188,100,2242400,-1,2242400,100,2239100,300
34856.05581,5,0,500,2240750,-1,2242400,100,2239100,300
34856.05581,4,29884188,100,2242400,-1,2242500,50,2239100,300
34856.0596,1,29884526,100,2242400,-1,2242400,100,2239100,300
34856.0633,3,29879600,100,2239100,1,2242400,100,2239100,200
34856.08462,4,29884526,100,2242400,-1,2242500,50,2239100,200
34856.085,3,29881371,200,2239100,1,2242500,50,2238600,100
34856.085,1,29884888,200,2238900,1,2242500,50,2238900,200
34856.12247,4,29423206,50,2242500,-1,2243000,100,2238900,200
34856.28839,1,29888132,100,2243000,-1,2243000,200,2238900,200
34856.30652,1,29888461,100,2242300,-1,2242300,100,2238900,200
34856.30663,4,29888461,20,2242300,-1,2242300,80,2238900,200
34856.31421,4,29888461,80,2242300,-1,2243000,200,2238900,200
34856.33834,4,26420978,100,2243000,-1,2243000,100,2238900,200
34856.33834,4,29888132,100,2243000,-1,2243500,200,2238900,200
34856.35076,1,29889054,100,2239700,1,2243500,200,2239700,100
34856.38547,4,29607653,200,2243500,-1,2244100,100,2239700,100
34856.39229,3,29884592,100,2244100,-1,2244400,200,2239700,100
34856.42805,1,29890117,100,2244300,-1,2244300,100,2239700,100
34856.42814,1,29890122,100,2244300,-1,2244300,200,2239700,100
34856.42992,4,29890117,100,2244300,-1,2244300,100,2239700,100
34856.43034,5,0,100,2244200,-1,2244300,100,2239700,100
34856.43518,1,29890328,100,2244300,-1,2244300,200,2239700,100
34856.48726,1,29890879,100,2244300,-1,2244300,300,2239700,100
34856.48766,3,29890328,100,2244300,-1,2244300,200,2239700,100
34856.48777,1,29890902,100,2244300,-1,2244300,300,2239700,100
34856.48782,3,29890879,100,2244300,-1,2244300,200,2239700,100
34856.514,5,0,300,2244100,-1,2244300,200,2239700,100
34856.514,4,29890122,100,2244300,-1,2244300,100,2239700,100
34856.514,4,29890902,100,2244300,-1,2244400,200,2239700,100
34856.55977,5,0,500,2243800,-1,2244400,200,2239700,100
34856.55977,4,28473932,100,2244400,-1,2244400,100,2239700,100
34856.55977,4,29603841,100,2244400,-1,2244500,100,2239700,100
34856.5616,1,29892330,100,2239700,1,2244500,100,2239700,200
34856.56374,1,29892445,100,2244400,-1,2244400,100,2239700,200
34856.58471,4,29892445,100,2244400,-1,2244500,100,2239700,200
34856.59692,1,29893743,100,2244200,-1,2244200,100,2239700,200
34856.59701,4,29893743,100,2244200,-1,2244500,100,2239700,200
34856.61592,4,29604172,100,2244500,-1,2244700,200,2239700,200
34856.6604,1,29894812,100,2244600,-1,2244600,100,2239700,200
34856.66128,1,29894814,100,2244600,-1,2244600,200,2239700,200
34856.97483,1,29899491,100,2241000,1,2244600,200,2241000,100
34857.43245,1,29907311,100,2241000,1,2244600,200,2241000,200
34857.43479,1,29907362,100,2241100,1,2244600,200,2241100,100
34857.44721,3,29907362,100,2241100,1,2244600,200,2241000,100
34858.20401,3,29894812,100,2244600,-1,2244600,100,2241000,100
34858.20438,3,29894814,100,2244600,-1,2245000,100,2241000,100
34859.71159,1,29948333,100,2241100,1,2245000,100,2241100,100
34859.71219,1,29948340,100,2241200,1,2245000,100,2241200,100
34860.43498,5,0,1,2242500,1,2245000,100,2241200,100
34860.43559,5,0,1,2242500,1,2245000,100,2241200,100
34860.57306,5,0,1,2242500,1,2245000,100,2241200,100
34861.92279,1,29997636,100,2244600,-1,2244600,100,2241200,100
34863.31684,3,29948340,100,2241200,1,2244600,100,2241000,100
34863.31746,1,30031898,100,2241100,1,2244600,100,2241100,100
34863.36183,3,29997636,100,2244600,-1,2245000,100,2241100,100
34863.36183,1,30032956,100,2244100,-1,2244100,100,2241100,100
34863.363,3,30031898,100,2241100,1,2244100,100,2241000,100
34863.52405,1,30036684,100,2241000,1,2244100,100,2241000,200
34863.52459,1,30036692,100,2241100,1,2244100,100,2241100,100
34871.52577,1,30179711,100,2244000,-1,2244000,100,2241100,100
34871.59272,1,30180750,100,2244000,-1,2244000,200,2241100,100
34874.89547,5,0,1,2242500,1,2244000,200,2241100,100
34876.3889,1,30260897,100,2242300,1,2244000,200,2242300,100
34877.55079,3,30180750,100,2244000,-1,2244000,100,2242300,100
34877.55079,1,30274786,100,2243800,-1,2243800,100,2242300,100
34878.2573,1,30282003,100,2242300,1,2243800,100,2242300,200
34879.18924,5,0,20,2242500,1,2243800,100,2242300,200
34880.76213,1,30308161,10,2242300,1,2243800,100,2242300,210
34880.8271,3,30308161,10,2242300,1,2243800,100,2242300,200
34880.82719,1,30315174,10,2242300,1,2243800,100,2242300,210
34881.20877,3,30315174,10,2242300,1,2243800,100,2242300,200
34881.20887,1,30323991,10,2242300,1,2243800,100,2242300,210
34881.41362,3,30323991,10,2242300,1,2243800,100,2242300,200
34881.41371,1,30326283,10,2242500,1,2243800,100,2242500,10
34881.41996,3,30326283,10,2242500,1,2243800,100,2242300,200
34881.42005,1,30326352,10,2242400,1,2243800,100,2242400,10
34883.59416,3,30326352,10,2242400,1,2243800,100,2242300,200
34883.59424,1,30348810,10,2242300,1,2243800,100,2242300,210
34883.5955,1,30348818,4,2242400,1,2243800,100,2242400,4
34883.6571,1,30349254,10,2242500,1,2243800,100,2242500,10
34883.73309,3,30274786,100,2243800,-1,2244000,100,2242500,10
34883.73309,1,30349689,100,2243700,-1,2243700,100,2242500,10
34884.08912,3,30349689,100,2243700,-1,2244000,100,2242500,10
34884.08912,1,30352881,100,2243600,-1,2243600,100,2242500,10
34884.08919,3,30349254,10,2242500,1,2243600,100,2242400,4
34884.08928,1,30352882,10,2242500,1,2243600,100,2242500,10
34884.09179,3,30352882,10,2242500,1,2243600,100,2242400,4
34884.09187,1,30352928,10,2242400,1,2243600,100,2242400,14
34884.10218,3,30352881,100,2243600,-1,2244000,100,2242400,14
34884.10218,1,30353007,100,2243500,-1,2243500,100,2242400,14
34884.10224,3,30352928,10,2242400,1,2243500,100,2242400,4
34884.10232,1,30353008,10,2242400,1,2243500,100,2242400,14
34884.79544,1,30359025,200,2242400,1,2243500,100,2242400,214
34884.79609,3,30353008,10,2242400,1,2243500,100,2242400,204
34884.79619,1,30359032,10,2242600,1,2243500,100,2242600,10
34885.11139,3,30359032,10,2242600,1,2243500,100,2242500,104
34885.11149,1,30362814,10,2242700,1,2243500,100,2242700,10
34885.12254,3,30362814,10,2242700,1,2243500,100,2242500,104
34885.12269,1,30364713,10,2242600,1,2243500,100,2242600,10
34885.169,1,30368204,100,2243500,-1,2243500,200,2242600,10
34885.22305,3,30364713,10,2242600,1,2243500,200,2242500,104
34885.22313,1,30369493,10,2242500,1,2243500,200,2242500,114
34886.02729,4,30361835,100,2242500,1,2243500,200,2242500,14
34886.02729,4,30361972,4,2242500,1,2243500,200,2242500,10
34886.02729,4,30369493,10,2242500,1,2243500,200,2242400,200
34886.02741,1,30377871,10,2243200,-1,2243200,10,2242400,200
34886.02989,4,30359025,186,2242400,1,2243200,10,2242400,14
34886.02996,4,30359025,14,2242400,1,2243200,10,2242300,100
34886.03,3,30377871,10,2243200,-1,2243500,200,2242300,100
34886.03007,1,30377898,10,2243000,-1,2243000,10,2242300,100
34886.03015,1,30377900,100,2242400,1,2243000,10,2242400,100
