time,type,orderID,size,price,direction,askPrice,askSize,bidPrice,bidSize
34200.01511,4,15818974,4,5794000,1,5802300,100,5794000,496
34200.0599,4,15818974,300,5794000,1,5802300,100,5794000,196
34200.11325,5,0,1,5795100,1,5802300,100,5794000,196
34200.11325,5,0,1,5795000,1,5802300,100,5794000,196
34200.11325,5,0,1,5794900,1,5802300,100,5794000,196
34200.11325,5,0,1,5794800,1,5802300,100,5794000,196
34200.11325,4,15818974,167,5794000,1,5802300,100,5794000,29
34200.15418,1,16155653,100,5794000,1,5802300,100,5794000,129
34200.20232,1,4773921,25,5798900,-1,5798900,25,5794000,129
34200.20314,4,15818974,29,5794000,1,5798900,25,5794000,100
34200.20314,4,16155653,100,5794000,1,5798900,25,5791200,100
34200.20701,1,16167456,1,5794000,-1,5794000,1,5791200,100
34200.20776,4,16167456,1,5794000,-1,5798900,25,5791200,100
34200.20776,1,16167632,99,5794000,1,5798900,25,5794000,99
34200.23645,4,16167632,11,5794000,1,5798900,25,5794000,88
34200.24946,4,16167632,29,5794000,1,5798900,25,5794000,59
34200.35866,5,0,4,5797300,-1,5798900,25,5794000,59
34200.50169,1,16228038,100,5797900,-1,5797900,100,5794000,59
34200.50244,1,16228180,10,5797900,-1,5797900,110,5794000,59
34200.6335,1,16252843,100,5794000,1,5797900,110,5794000,159
34200.69634,5,0,100,5794600,1,5797900,110,5794000,159
34200.69634,4,16167632,59,5794000,1,5797900,110,5794000,100
34200.69634,4,16252843,12,5794000,1,5797900,110,5794000,88
34200.76373,1,16274753,100,5797900,-1,5797900,210,5794000,88
34201.44557,4,16252843,88,5794000,1,5797900,210,5791900,75
34201.44557,4,16174771,75,5791900,1,5797900,210,5791200,100
34201.44557,5,0,37,5791800,1,5797900,210,5791200,100
34202.18484,5,0,63,5791800,1,5797900,210,5791200,100
34202.18484,5,0,29,5791300,1,5797900,210,5791200,100
34202.4727,1,16477262,100,5797300,-1,5797300,100,5791200,100
34202.47289,1,16477281,100,5797300,-1,5797300,200,5791200,100
34203.65035,3,16477262,100,5797300,-1,5797300,100,5791200,100
34203.65051,3,16477281,100,5797300,-1,5797900,210,5791200,100
34204.32039,1,16654914,100,5797300,-1,5797300,100,5791200,100
34204.32058,1,16654928,100,5797300,-1,5797300,200,5791200,100
34204.41446,5,0,6,5791700,1,5797300,200,5791200,100
34204.41463,3,16654928,100,5797300,-1,5797300,100,5791200,100
34204.63597,1,16680220,2300,5796600,-1,5796600,2300,5791200,100
34204.63616,1,16680228,400,5796600,-1,5796600,2700,5791200,100
34205.26604,5,0,30,5791700,1,5796600,2700,5791200,100
34205.26604,5,0,15,5791300,1,5796600,2700,5791200,100
34205.26621,3,16680228,400,5796600,-1,5796600,2300,5791200,100
34205.62166,5,0,28,5791300,1,5796600,2300,5791200,100
34206.02146,5,0,100,5791300,1,5796600,2300,5791200,100
34206.02684,1,16805354,28,5791200,1,5796600,2300,5791200,128
34206.02711,1,16805379,78,5791200,1,5796600,2300,5791200,206
34206.02762,5,0,28,5791300,1,5796600,2300,5791200,206
34206.02762,4,16160421,72,5791200,1,5796600,2300,5791200,134
34206.02844,1,16805526,22,5791200,1,5796600,2300,5791200,156
34206.02909,1,16805605,4,5791200,1,5796600,2300,5791200,160
34206.02982,1,16805645,6,5791200,1,5796600,2300,5791200,166
34206.02991,4,16160421,28,5791200,1,5796600,2300,5791200,138
34206.02991,4,16805354,28,5791200,1,5796600,2300,5791200,110
34206.02991,4,16805379,44,5791200,1,5796600,2300,5791200,66
34206.03022,1,16805664,7,5791200,1,5796600,2300,5791200,73
34206.03043,1,16805675,10,5791200,1,5796600,2300,5791200,83
34206.03081,1,16805696,9,5791200,1,5796600,2300,5791200,92
34206.03117,1,16805716,24,5791200,1,5796600,2300,5791200,116
34206.33554,4,16805379,34,5791200,1,5796600,2300,5791200,82
34206.33554,4,16805526,22,5791200,1,5796600,2300,5791200,60
34206.33554,4,16805605,4,5791200,1,5796600,2300,5791200,56
34206.33554,4,16805645,6,5791200,1,5796600,2300,5791200,50
34206.33554,4,16805664,7,5791200,1,5796600,2300,5791200,43
34206.33554,4,16805675,10,5791200,1,5796600,2300,5791200,33
34206.33554,4,16805696,9,5791200,1,5796600,2300,5791200,24
34206.33554,4,16805716,24,5791200,1,5796600,2300,5790000,41
34206.39077,1,16822527,260,5795200,-1,5795200,260,5790000,41
34206.39159,3,16822527,260,5795200,-1,5796600,2300,5790000,41
34206.39302,1,16822681,260,5795200,-1,5795200,260,5790000,41
34206.39384,3,16822681,260,5795200,-1,5796600,2300,5790000,41
34206.39463,1,16822749,260,5795200,-1,5795200,260,5790000,41
34206.39535,3,16822749,260,5795200,-1,5796600,2300,5790000,41
34206.39676,1,16822847,260,5795200,-1,5795200,260,5790000,41
34206.39749,3,16822847,260,5795200,-1,5796600,2300,5790000,41
34206.39911,1,16822977,260,5795200,-1,5795200,260,5790000,41
34206.40038,3,16822977,260,5795200,-1,5796600,2300,5790000,41
34206.40129,1,16823104,260,5795200,-1,5795200,260,5790000,41
34206.40254,3,16823104,260,5795200,-1,5796600,2300,5790000,41
34206.40339,1,16823214,260,5795200,-1,5795200,260,5790000,41
34206.40479,3,16823214,260,5795200,-1,5796600,2300,5790000,41
34206.40561,1,16823323,260,5795200,-1,5795200,260,5790000,41
34206.40703,3,16823323,260,5795200,-1,5796600,2300,5790000,41
34206.40783,1,16823470,260,5795200,-1,5795200,260,5790000,41
34206.40879,3,16823470,260,5795200,-1,5796600,2300,5790000,41
34206.40997,1,16823634,260,5795200,-1,5795200,260,5790000,41
34206.41068,3,16823634,260,5795200,-1,5796600,2300,5790000,41
34206.41153,1,16823779,260,5795200,-1,5795200,260,5790000,41
34206.41255,3,16823779,260,5795200,-1,5796600,2300,5790000,41
34206.4136,1,16823945,260,5795200,-1,5795200,260,5790000,41
34206.41456,3,16823945,260,5795200,-1,5796600,2300,5790000,41
34207.65711,1,16883952,260,5795200,-1,5795200,260,5790000,41
34207.65843,3,16883952,260,5795200,-1,5796600,2300,5790000,41
34207.65994,1,16884073,260,5795200,-1,5795200,260,5790000,41
34207.66127,3,16884073,260,5795200,-1,5796600,2300,5790000,41
34207.66275,1,16884221,260,5795200,-1,5795200,260,5790000,41
34207.66409,3,16884221,260,5795200,-1,5796600,2300,5790000,41
34207.66505,1,16884363,260,5795200,-1,5795200,260,5790000,41
34207.66638,3,16884363,260,5795200,-1,5796600,2300,5790000,41
34207.66795,1,16884483,260,5795200,-1,5795200,260,5790000,41
34207.66928,3,16884483,260,5795200,-1,5796600,2300,5790000,41
34207.6702,1,16884674,260,5795200,-1,5795200,260,5790000,41
34207.6714,3,16884674,260,5795200,-1,5796600,2300,5790000,41
34207.67365,1,16885333,260,5795200,-1,5795200,260,5790000,41
34207.67507,3,16885333,260,5795200,-1,5796600,2300,5790000,41
34207.67645,1,16885580,260,5795200,-1,5795200,260,5790000,41
34207.67786,3,16885580,260,5795200,-1,5796600,2300,5790000,41
34207.67868,1,16885653,260,5795200,-1,5795200,260,5790000,41
34207.68004,3,16885653,260,5795200,-1,5796600,2300,5790000,41
34207.68144,1,16885764,260,5795200,-1,5795200,260,5790000,41
34207.68237,3,16885764,260,5795200,-1,5796600,2300,5790000,41
34207.68383,1,16885944,260,5795200,-1,5795200,260,5790000,41
34207.68516,3,16885944,260,5795200,-1,5796600,2300,5790000,41
34207.68663,1,16886066,260,5795200,-1,5795200,260,5790000,41
34207.68797,3,16886066,260,5795200,-1,5796600,2300,5790000,41
34207.68949,1,16886214,260,5795200,-1,5795200,260,5790000,41
34207.69033,3,16886214,260,5795200,-1,5796600,2300,5790000,41
34207.69178,1,16886286,260,5795200,-1,5795200,260,5790000,41
34207.69327,3,16886286,260,5795200,-1,5796600,2300,5790000,41
34207.69513,1,16886468,260,5795200,-1,5795200,260,5790000,41
34207.69649,3,16886468,260,5795200,-1,5796600,2300,5790000,41
34207.69792,1,16886587,260,5795200,-1,5795200,260,5790000,41
34207.69891,3,16886587,260,5795200,-1,5796600,2300,5790000,41
34208.14581,1,16903596,2,5796600,-1,5796600,2302,5790000,41
34208.14612,3,16903596,2,5796600,-1,5796600,2300,5790000,41
34208.14612,1,16903615,2,5795200,-1,5795200,2,5790000,41
34209.13524,1,16936717,100,5794500,-1,5794500,100,5790000,41
34209.15348,1,16937480,2,5794500,-1,5794500,102,5790000,41
34209.74548,1,16955579,10,5794500,-1,5794500,112,5790000,41
34210.17209,1,16981526,19,5794500,-1,5794500,131,5790000,41
34210.74013,1,17020275,100,5794500,-1,5794500,231,5790000,41
34211.01501,3,16981526,19,5794500,-1,5794500,212,5790000,41
34211.05898,4,7091133,19,5790000,1,5794500,212,5790000,22
34212.14143,4,7091133,21,5790000,1,5794500,212,5790000,1
34212.14143,4,9248169,1,5790000,1,5794500,212,5789900,1
34212.14143,4,4496151,1,5789900,1,5794500,212,5785000,9
34212.14143,5,0,3,5789900,1,5794500,212,5785000,9
34212.14143,5,0,3,5789300,1,5794500,212,5785000,9
34212.15048,1,17083481,2171,5789000,-1,5789000,2171,5785000,9
34212.1716,3,17083481,2171,5789000,-1,5794500,212,5785000,9
34212.17176,1,17085000,2171,5785100,-1,5785100,2171,5785000,9
34212.17187,4,17085000,100,5785100,-1,5785100,2071,5785000,9
34212.17197,4,4773351,9,5785000,1,5785100,2071,5782100,10
34212.20426,3,17085000,2071,5785100,-1,5794500,212,5782100,10
34212.20457,4,858821,10,5782100,1,5794500,212,5780000,174
34212.20457,4,2175511,5,5780000,1,5794500,212,5780000,169
34212.20457,4,5858286,5,5780000,1,5794500,212,5780000,164
34212.20457,4,9476859,28,5780000,1,5794500,212,5780000,136
34212.20457,4,9618128,50,5780000,1,5794500,212,5780000,86
34212.20457,4,12797564,2,5780000,1,5794500,212,5780000,84
34212.20479,5,0,100,5780900,1,5794500,212,5780000,84
34212.20496,5,0,409,5780200,1,5794500,212,5780000,84
34212.20496,5,0,100,5780100,1,5794500,212,5780000,84
34212.20496,4,12797564,84,5780000,1,5794500,212,5779900,1
34212.20496,1,17086852,1278,5780000,-1,5780000,1278,5779900,1
34212.20512,1,17086865,400,5780000,-1,5780000,1678,5779900,1
34212.20519,3,17086852,1278,5780000,-1,5780000,400,5779900,1
34212.20522,4,2176461,1,5779900,1,5780000,400,5775100,110
34212.20526,5,0,99,5779700,-1,5780000,400,5775100,110
34212.20526,5,0,1,5779700,-1,5780000,400,5775100,110
34212.20532,5,0,199,5779700,-1,5780000,400,5775100,110
34212.20532,4,17086865,1,5780000,-1,5780000,399,5775100,110
34212.20533,3,17086865,399,5780000,-1,5794500,212,5775100,110
34212.20609,1,17086988,200,5780000,1,5794500,212,5780000,200
34212.20655,5,0,200,5780300,1,5794500,212,5780000,200
34212.20688,5,0,100,5780500,1,5794500,212,5780000,200
34212.20688,5,0,100,5780100,1,5794500,212,5780000,200
34212.20718,5,0,100,5780100,1,5794500,212,5780000,200
34212.20718,4,17086988,100,5780000,1,5794500,212,5780000,100
34212.20736,4,17086988,100,5780000,1,5794500,212,5775100,110
34212.20816,1,17087159,578,5780000,-1,5780000,578,5775100,110
34212.24578,3,17087159,578,5780000,-1,5794500,210,5775100,110
34212.24594,5,0,100,5775400,1,5794500,210,5775100,110
34212.24624,5,0,100,5775400,1,5794500,210,5775100,110
34212.2464,5,0,100,5775200,1,5794500,210,5775100,110
34212.24657,4,3911727,10,5775100,1,5794500,210,5775100,100
34212.24657,4,16273432,90,5775100,1,5794500,210,5775100,10
34212.24679,4,16273432,10,5775100,1,5794500,210,5774500,3
34212.24682,1,17089209,66,5775100,1,5794500,210,5775100,66
34212.24696,4,17089209,66,5775100,1,5794500,210,5774500,3
34212.24696,1,17089214,102,5775100,-1,5775100,102,5774500,3
34212.27656,1,17090451,2,5775100,-1,5775100,104,5774500,3
34212.278,3,17089214,102,5775100,-1,5775100,2,5774500,3
34212.28019,4,3565712,2,5774500,1,5775100,2,5774500,1
34212.28025,4,3565712,1,5774500,1,5775100,2,5772400,20
34212.28416,4,17090451,2,5775100,-1,5794500,210,5772400,20
34212.29529,1,17091418,2,5775100,-1,5775100,2,5772400,20
34212.29558,4,17091418,2,5775100,-1,5794500,210,5772400,20
34212.29558,1,17091434,98,5775100,1,5794500,210,5775100,98
34212.31788,1,17092219,100,5791100,-1,5791100,100,5775100,98
34212.3425,1,17093146,2,5791100,-1,5791100,102,5775100,98
34212.70513,4,17091434,98,5775100,1,5791100,102,5772400,20
34212.70513,5,0,2,5774500,1,5791100,102,5772400,20
34212.71968,1,17104353,100,5774500,1,5791100,102,5774500,100
34212.72544,1,17104451,8,5774500,1,5791100,102,5774500,108
34213.29406,1,17120812,600,5774500,1,5791100,102,5774500,708
34213.96255,3,17092219,100,5791100,-1,5791100,2,5774500,708
34214.49976,3,17104451,8,5774500,1,5791100,2,5774500,700
34215.47195,1,17185218,100,5785900,-1,5785900,100,5774500,700
34215.47213,1,17185233,100,5785900,-1,5785900,200,5774500,700
34216.11371,3,17120812,600,5774500,1,5785900,200,5774500,100
34216.11387,3,17185233,100,5785900,-1,5785900,100,5774500,100
34216.11607,1,17206828,600,5775500,1,5785900,100,5775500,600
34217.14789,3,17185218,100,5785900,-1,5788000,2,5775500,600
34217.14807,1,17247457,100,5784400,-1,5784400,100,5775500,600
34217.14824,1,17247479,100,5784400,-1,5784400,200,5775500,600
34217.16787,1,17248228,100,5780000,-1,5780000,100,5775500,600
34217.16813,3,17248228,100,5780000,-1,5784400,100,5775500,600
34217.16813,1,17248243,100,5781400,-1,5781400,100,5775500,600
34217.18112,5,0,100,5775900,1,5781400,100,5775500,600
34217.2067,5,0,100,5781100,-1,5781400,100,5775500,600
34217.2093,5,0,100,5781300,-1,5781400,100,5775500,600
34217.21047,5,0,100,5781300,-1,5781400,100,5775500,600
34217.3622,5,0,70,5776000,1,5781400,100,5775500,600
34217.72821,5,0,30,5776000,1,5781400,100,5775500,600
34217.72821,5,0,70,5775800,1,5781400,100,5775500,600
34218.87326,3,17206828,600,5775500,1,5781400,100,5772400,20
34218.8734,3,17248243,100,5781400,-1,5784400,100,5772400,20
34218.8734,1,17309383,100,5777300,-1,5777300,100,5772400,20
34218.87475,5,0,20,5775600,1,5777300,100,5772400,20
34218.8756,1,17309581,600,5776600,1,5777300,100,5776600,600
34218.87569,3,17309383,100,5777300,-1,5784400,100,5776600,600
34218.87569,1,17309594,100,5782000,-1,5782000,100,5776600,600
34218.87585,1,17309609,200,5782000,-1,5782000,300,5776600,600
34218.87591,1,17309618,100,5782000,-1,5782000,400,5776600,600
34218.87594,3,17309594,100,5782000,-1,5782000,300,5776600,600
34218.87594,1,17309623,100,5779400,-1,5779400,100,5776600,600
34218.87626,3,17309623,100,5779400,-1,5782000,100,5776600,600
34218.87626,1,17309668,100,5779900,-1,5779900,100,5776600,600
34218.87652,3,17309668,100,5779900,-1,5784400,100,5776600,600
34218.87652,1,17309710,100,5782000,-1,5782000,100,5776600,600
34218.99337,1,17313565,100,5780700,-1,5780700,100,5776600,600
34218.99348,1,17313572,100,5779600,-1,5779600,100,5776600,600
34218.99369,3,17313572,100,5779600,-1,5780700,100,5776600,600
34218.99369,1,17313580,100,5778700,-1,5778700,100,5776600,600
34219.84397,1,17345366,100,5776600,1,5778700,100,5776600,700
34219.84409,3,17313580,100,5778700,-1,5780700,100,5776600,700
34219.84409,1,17345369,100,5779600,-1,5779600,100,5776600,700
34220.03412,1,17350896,10,5779600,-1,5779600,110,5776600,700
34220.03424,3,17345369,100,5779600,-1,5779600,10,5776600,700
34220.03424,1,17350910,100,5779500,-1,5779500,100,5776600,700
34221.01587,3,17345366,100,5776600,1,5779500,100,5776600,600
34221.01599,3,17350910,100,5779500,-1,5779600,10,5776600,600
34221.01644,1,17381731,100,5776600,1,5779600,10,5776600,700
34221.1225,1,17386271,140,5776900,1,5779600,10,5776900,140
34221.12373,3,17386271,140,5776900,1,5779600,10,5776600,700
34221.12456,1,17386739,140,5776900,1,5779600,10,5776900,140
34222.15097,1,17416529,100,5778900,-1,5778900,100,5776900,140
34222.15149,3,17386739,140,5776900,1,5778900,100,5776600,700
34222.38989,3,17381731,100,5776600,1,5778900,100,5776600,600
34222.39031,1,17425290,100,5777000,1,5778900,100,5777000,100
34222.39781,4,17416529,100,5778900,-1,5779200,100,5777000,100
34222.39791,3,17425292,100,5779200,-1,5779600,10,5777000,100
34222.79356,5,0,100,5778500,1,5779600,10,5777000,100
34222.83687,1,17437777,600,5778000,1,5779600,10,5778000,600
34223.64734,4,17350896,10,5779600,-1,5779800,200,5778000,600
34223.68072,3,17436773,200,5779800,-1,5780700,100,5778000,600
34223.68109,4,17313565,100,5780700,-1,5788000,2,5778000,600
34223.68134,1,17461889,75,5780700,-1,5780700,75,5778000,600
34223.68145,4,17461889,75,5780700,-1,5788000,2,5778000,600
34223.71377,5,0,100,5778500,1,5788000,2,5778000,600
34223.71377,5,0,50,5778300,1,5788000,2,5778000,600
34224.44819,1,17480645,200,5779200,1,5788000,2,5779200,200
34225.02103,5,0,100,5779500,1,5788000,2,5779200,200
34225.66938,1,17516942,300,5779300,1,5788000,2,5779300,300
34226.583,1,17538298,600,5782800,1,5788000,2,5782800,600
34226.58337,4,17538298,100,5782800,1,5788000,2,5782800,500
34226.58537,4,17538298,150,5782800,1,5788000,2,5782800,350
34227.03093,1,17549203,100,5782800,1,5788000,2,5782800,450
34227.6113,1,17575633,100,5783100,1,5788000,2,5783100,100
34227.62553,5,0,2,5787900,-1,5788000,2,5783100,100
34227.62566,5,0,2,5787900,-1,5788000,2,5783100,100
34227.62579,5,0,2,5787900,-1,5788000,2,5783100,100
34227.62591,5,0,2,5787900,-1,5788000,2,5783100,100
34227.62604,5,0,2,5787900,-1,5788000,2,5783100,100
34227.62616,5,0,2,5787900,-1,5788000,2,5783100,100
34227.62628,5,0,2,5787900,-1,5788000,2,5783100,100
34227.6264,5,0,2,5787900,-1,5788000,2,5783100,100
34227.62653,4,17185553,2,5788000,-1,5795900,500,5783100,100
34227.62659,3,17575633,100,5783100,1,5795900,500,5782800,450
34227.62667,1,17579487,100,5783900,1,5795900,500,5783900,100
34227.62798,1,17579715,120,5794800,-1,5794800,120,5783900,100
34227.62814,1,17579731,100,5794800,-1,5794800,220,5783900,100
34227.6322,3,17579487,100,5783900,1,5794800,220,5782800,450
34227.64127,1,17581238,100,5783900,1,5794800,220,5783900,100
34227.64247,3,17581238,100,5783900,1,5794800,220,5782800,450
34227.64248,3,17579715,120,5794800,-1,5794800,100,5782800,450
34227.64269,3,17579731,100,5794800,-1,5795900,500,5782800,450
34227.64407,1,17581549,100,5783800,1,5795900,500,5783800,100
34227.64756,3,17581549,100,5783800,1,5795900,500,5782800,450
34227.64837,1,17582033,100,5794800,-1,5794800,100,5782800,450
34227.64859,1,17582051,100,5783900,1,5794800,100,5783900,100
34227.65017,3,17582033,100,5794800,-1,5795900,500,5783900,100
34227.65023,3,17582051,100,5783900,1,5795900,500,5782800,450
34227.65028,1,17582212,100,5794900,-1,5794900,100,5782800,450
34227.65156,3,17582212,100,5794900,-1,5795900,500,5782800,450
34227.65163,1,17582366,120,5794800,-1,5794800,120,5782800,450
34227.65169,1,17582374,100,5783900,1,5794800,120,5783900,100
34227.65278,3,17582366,120,5794800,-1,5795900,500,5783900,100
34227.65284,3,17582374,100,5783900,1,5795900,500,5782800,450
34227.653,1,17582542,100,5794900,-1,5794900,100,5782800,450
34227.65316,1,17582562,100,5794900,-1,5794900,200,5782800,450
34227.65404,3,17582542,100,5794900,-1,5794900,100,5782800,450
34227.65407,1,17582644,100,5783800,1,5794900,100,5783800,100
34227.6542,3,17582562,100,5794900,-1,5795900,500,5783800,100
34227.6553,3,17582644,100,5783800,1,5795900,500,5782800,450
34227.65539,1,17582785,100,5794900,-1,5794900,100,5782800,450
34227.6566,3,17582785,100,5794900,-1,5795900,500,5782800,450
34227.65675,1,17582911,120,5794800,-1,5794800,120,5782800,450
34227.65678,1,17582915,100,5783900,1,5794800,120,5783900,100
34227.65762,3,17582911,120,5794800,-1,5795900,500,5783900,100
34227.65763,3,17582915,100,5783900,1,5795900,500,5782800,450
34227.66107,1,17583338,100,5794800,-1,5794800,100,5782800,450
34227.66116,1,17583346,100,5783900,1,5794800,100,5783900,100
34227.66224,3,17583338,100,5794800,-1,5795900,500,5783900,100
34227.66232,3,17583346,100,5783900,1,5795900,500,5782800,450
34227.66233,1,17583434,100,5794900,-1,5794900,100,5782800,450
34227.66347,3,17583434,100,5794900,-1,5795900,500,5782800,450
34227.66364,1,17583543,100,5783900,1,5795900,500,5783900,100
34227.66368,1,17583549,120,5794800,-1,5794800,120,5783900,100
34227.66469,3,17583549,120,5794800,-1,5795900,500,5783900,100
34227.66474,3,17583543,100,5783900,1,5795900,500,5782800,450
34227.66488,1,17583661,100,5794900,-1,5794900,100,5782800,450
34227.66503,1,17583678,100,5794900,-1,5794900,200,5782800,450
34227.66617,1,17583765,100,5783800,1,5794900,200,5783800,100
34227.6663,3,17583661,100,5794900,-1,5794900,100,5783800,100
34227.66644,3,17583678,100,5794900,-1,5795900,500,5783800,100
34227.66752,3,17583765,100,5783800,1,5795900,500,5782800,450
34227.66768,1,17583879,100,5794900,-1,5794900,100,5782800,450
34227.66884,3,17583879,100,5794900,-1,5795900,500,5782800,450
34227.66899,1,17583992,120,5794800,-1,5794800,120,5782800,450
34227.66901,1,17583996,100,5783900,1,5794800,120,5783900,100
34227.67022,3,17583996,100,5783900,1,5794800,120,5782800,450
34227.67031,3,17583992,120,5794800,-1,5795900,500,5782800,450
34227.67032,1,17584117,100,5794900,-1,5794900,100,5782800,450
34227.67143,3,17584117,100,5794900,-1,5795900,500,5782800,450
34227.67156,1,17584230,120,5794800,-1,5794800,120,5782800,450
34227.67157,1,17584231,100,5783900,1,5794800,120,5783900,100
34227.67268,3,17584231,100,5783900,1,5794800,120,5782800,450
34227.6727,3,17584230,120,5794800,-1,5795900,500,5782800,450
34227.67276,1,17584309,100,5794900,-1,5794900,100,5782800,450
34227.67446,3,17584309,100,5794900,-1,5795900,500,5782800,450
34227.6746,1,17584414,100,5783900,1,5795900,500,5783900,100
34227.67461,1,17584416,120,5794800,-1,5794800,120,5783900,100
34227.67565,3,17584414,100,5783900,1,5794800,120,5782800,450
34227.67567,3,17584416,120,5794800,-1,5795900,500,5782800,450
34227.69404,1,17585736,105,5794800,-1,5794800,105,5782800,450
34227.69415,1,17585740,100,5783900,1,5794800,105,5783900,100
34227.6942,1,17585743,100,5794800,-1,5794800,205,5783900,100
34227.69536,3,17585736,105,5794800,-1,5794800,100,5783900,100
34227.69551,3,17585743,100,5794800,-1,5795900,500,5783900,100
34227.69555,3,17585740,100,5783900,1,5795900,500,5782800,450
34227.69673,1,17585881,100,5794800,-1,5794800,100,5782800,450
34227.69678,1,17585885,100,5783900,1,5794800,100,5783900,100
34227.69798,3,17585885,100,5783900,1,5794800,100,5782800,450
34227.69799,3,17585881,100,5794800,-1,5795900,500,5782800,450
34227.69811,1,17585962,100,5794900,-1,5794900,100,5782800,450
34227.69908,3,17585962,100,5794900,-1,5795900,500,5782800,450
34227.69926,1,17586043,100,5783800,1,5795900,500,5783800,100
34227.70032,3,17586043,100,5783800,1,5795900,500,5782800,450
34227.70039,1,17586129,100,5794900,-1,5794900,100,5782800,450
34227.70157,3,17586129,100,5794900,-1,5795900,500,5782800,450
34227.7016,1,17586226,120,5794800,-1,5794800,120,5782800,450
34227.70173,1,17586237,100,5783900,1,5794800,120,5783900,100
34227.70269,3,17586226,120,5794800,-1,5795900,500,5783900,100
34227.70278,3,17586237,100,5783900,1,5795900,500,5782800,450
34227.70281,1,17586346,100,5794900,-1,5794900,100,5782800,450
34227.70386,3,17586346,100,5794900,-1,5795900,500,5782800,450
34227.70399,1,17586463,120,5794800,-1,5794800,120,5782800,450
34227.70405,1,17586471,100,5783900,1,5794800,120,5783900,100
34227.70502,3,17586463,120,5794800,-1,5795900,500,5783900,100
34227.70514,3,17586471,100,5783900,1,5795900,500,5782800,450
34227.70514,1,17586593,100,5794900,-1,5794900,100,5782800,450
34227.70634,1,17586702,120,5794800,-1,5794800,120,5782800,450
34227.70642,1,17586711,100,5783900,1,5794800,120,5783900,100
34227.70651,1,17586721,100,5794800,-1,5794800,220,5783900,100
34227.7075,3,17586711,100,5783900,1,5794800,220,5782800,450
34227.70754,3,17586702,120,5794800,-1,5794800,100,5782800,450
34227.70768,3,17586721,100,5794800,-1,5795900,500,5782800,450
34227.70881,1,17587029,100,5794800,-1,5794800,100,5782800,450
34227.70891,1,17587046,100,5783900,1,5794800,100,5783900,100
34227.70981,3,17587046,100,5783900,1,5794800,100,5782800,450
34227.70991,3,17587029,100,5794800,-1,5795900,500,5782800,450
34227.71517,1,17587601,100,5794800,-1,5794800,100,5782800,450
34227.71519,1,17587603,100,5783900,1,5794800,100,5783900,100
34227.71641,3,17587603,100,5783900,1,5794800,100,5782800,450
34227.7166,3,17587601,100,5794800,-1,5794900,100,5782800,450
34227.71769,3,17587675,100,5794900,-1,5795900,500,5782800,450
34227.71783,1,17587881,100,5783900,1,5795900,500,5783900,100
34227.71895,3,17587881,100,5783900,1,5795900,500,5782800,450
34227.71899,1,17588298,100,5794900,-1,5794900,100,5782800,450
34227.71916,1,17588370,100,5794900,-1,5794900,200,5782800,450
34227.7199,3,17588298,100,5794900,-1,5794900,100,5782800,450
34227.72002,1,17588850,120,5794800,-1,5794800,120,5782800,450
34227.72015,1,17588936,100,5783900,1,5794800,120,5783900,100
34227.7202,1,17588977,100,5794800,-1,5794800,220,5783900,100
34227.72114,3,17588850,120,5794800,-1,5794800,100,5783900,100
34227.72125,3,17588936,100,5783900,1,5794800,100,5782800,450
34227.72127,1,17589524,100,5783800,1,5794800,100,5783800,100
34227.72131,3,17588977,100,5794800,-1,5795900,500,5783800,100
34227.72305,3,17589524,100,5783800,1,5795900,500,5782800,450
34227.72318,1,17590213,120,5794800,-1,5794800,120,5782800,450
34227.72328,1,17590245,100,5783900,1,5794800,120,5783900,100
34227.7242,3,17590213,120,5794800,-1,5795900,500,5783900,100
34227.72434,3,17590245,100,5783900,1,5795900,500,5782800,450
34227.72674,1,17591196,100,5794900,-1,5794900,100,5782800,450
34227.72881,3,17591196,100,5794900,-1,5795900,500,5782800,450
34227.72898,1,17591764,100,5783900,1,5795900,500,5783900,100
34227.72901,1,17591766,100,5794800,-1,5794800,100,5783900,100
34227.73007,3,17591764,100,5783900,1,5794800,100,5782800,450
34227.73018,3,17591766,100,5794800,-1,5794900,100,5782800,450
34227.73116,3,17592169,100,5794900,-1,5795900,500,5782800,450
34227.7313,1,17592550,100,5783900,1,5795900,500,5783900,100
34227.73131,1,17592559,105,5794800,-1,5794800,105,5783900,100
34227.73222,3,17592550,100,5783900,1,5794800,105,5782800,450
34227.73328,3,17592559,105,5794800,-1,5795900,500,5782800,450
34227.96177,1,17622086,200,5786800,1,5795900,500,5786800,200
34228.33003,1,17644180,100,5795100,-1,5795100,100,5786800,200
34228.3302,1,17644185,100,5795100,-1,5795100,200,5786800,200
34228.33109,3,17644180,100,5795100,-1,5795100,100,5786800,200
34228.33124,3,17644185,100,5795100,-1,5795900,500,5786800,200
34228.33822,1,17644440,100,5795100,-1,5795100,100,5786800,200
34228.33929,3,17644440,100,5795100,-1,5795900,500,5786800,200
34228.33999,1,17644490,100,5795100,-1,5795100,100,5786800,200
34228.34108,3,17644490,100,5795100,-1,5795900,500,5786800,200
34228.34239,1,17644584,100,5795100,-1,5795100,100,5786800,200
34228.34254,1,17644588,100,5795100,-1,5795100,200,5786800,200
34228.34359,3,17644584,100,5795100,-1,5795100,100,5786800,200
34228.34373,3,17644588,100,5795100,-1,5795900,500,5786800,200
34228.34489,1,17644718,100,5795100,-1,5795100,100,5786800,200
34228.34622,3,17644718,100,5795100,-1,5795900,500,5786800,200
34228.34741,1,17644817,100,5795100,-1,5795100,100,5786800,200
34228.34867,3,17644817,100,5795100,-1,5795900,500,5786800,200
34228.35032,1,17644881,100,5795100,-1,5795100,100,5786800,200
34228.35139,3,17644881,100,5795100,-1,5795900,500,5786800,200
34228.35259,1,17644956,100,5795100,-1,5795100,100,5786800,200
34228.35378,3,17644956,100,5795100,-1,5795900,500,5786800,200
34228.35553,1,17645045,100,5795100,-1,5795100,100,5786800,200
34228.35569,1,17645050,100,5795100,-1,5795100,200,5786800,200
34228.3566,3,17645045,100,5795100,-1,5795100,100,5786800,200
34228.35674,3,17645050,100,5795100,-1,5795900,500,5786800,200
34228.35799,1,17645135,100,5795100,-1,5795100,100,5786800,200
34228.35909,3,17645135,100,5795100,-1,5795900,500,5786800,200
34228.361,1,17645211,100,5795100,-1,5795100,100,5786800,200
34228.36205,3,17645211,100,5795100,-1,5795900,500,5786800,200
34228.36393,1,17645360,100,5795100,-1,5795100,100,5786800,200
34228.36496,3,17645360,100,5795100,-1,5795900,500,5786800,200
34228.36636,1,17645512,100,5795100,-1,5795100,100,5786800,200
34228.36742,3,17645512,100,5795100,-1,5795900,500,5786800,200
34228.36882,1,17645592,100,5795100,-1,5795100,100,5786800,200
34228.36897,1,17645601,100,5795100,-1,5795100,200,5786800,200
34228.36998,3,17645592,100,5795100,-1,5795100,100,5786800,200
34228.37012,3,17645601,100,5795100,-1,5795900,500,5786800,200
34228.37124,1,17645700,100,5795100,-1,5795100,100,5786800,200
34228.37243,3,17645700,100,5795100,-1,5795900,500,5786800,200
34228.37543,1,17645813,100,5795100,-1,5795100,100,5786800,200
34228.37609,3,17645813,100,5795100,-1,5795900,500,5786800,200
34228.99127,1,17665575,100,5795100,-1,5795100,100,5786800,200
34228.99144,1,17665585,100,5795100,-1,5795100,200,5786800,200
34228.99249,3,17665575,100,5795100,-1,5795100,100,5786800,200
34228.99264,3,17665585,100,5795100,-1,5795900,500,5786800,200
34228.99433,1,17665688,100,5795100,-1,5795100,100,5786800,200
34228.99541,3,17665688,100,5795100,-1,5795900,500,5786800,200
34228.99614,1,17665732,100,5795100,-1,5795100,100,5786800,200
34228.99722,3,17665732,100,5795100,-1,5795900,500,5786800,200
34228.99799,1,17665804,100,5795100,-1,5795100,100,5786800,200
34228.99918,3,17665804,100,5795100,-1,5795900,500,5786800,200
34229.00026,1,17665859,100,5795100,-1,5795100,100,5786800,200
34229.00144,3,17665859,100,5795100,-1,5795900,500,5786800,200
34229.0022,1,17665912,105,5795100,-1,5795100,105,5786800,200
34229.00327,3,17665912,105,5795100,-1,5795900,500,5786800,200
34229.0045,1,17666030,100,5795100,-1,5795100,100,5786800,200
34229.00466,1,17666044,100,5795100,-1,5795100,200,5786800,200
34229.00558,3,17666030,100,5795100,-1,5795100,100,5786800,200
34229.00572,3,17666044,100,5795100,-1,5795900,500,5786800,200
34229.00687,1,17666138,100,5795100,-1,5795100,100,5786800,200
34229.00791,3,17666138,100,5795100,-1,5795900,500,5786800,200
34229.00866,1,17666216,100,5795100,-1,5795100,100,5786800,200
34229.00971,3,17666216,100,5795100,-1,5795900,500,5786800,200
34229.01046,1,17666288,100,5795100,-1,5795100,100,5786800,200
34229.01156,3,17666288,100,5795100,-1,5795900,500,5786800,200
34229.01281,1,17666461,100,5795100,-1,5795100,100,5786800,200
34229.01929,3,17666461,100,5795100,-1,5795900,500,5786800,200
34229.02189,1,17667019,100,5795100,-1,5795100,100,5786800,200
34229.02205,1,17667023,100,5795100,-1,5795100,200,5786800,200
34229.02315,3,17667019,100,5795100,-1,5795100,100,5786800,200
34229.0233,3,17667023,100,5795100,-1,5795900,500,5786800,200
34229.02503,1,17667219,100,5795100,-1,5795100,100,5786800,200
34229.02624,3,17667219,100,5795100,-1,5795900,500,5786800,200
34229.02762,1,17667335,100,5795100,-1,5795100,100,5786800,200
34229.02879,3,17667335,100,5795100,-1,5795900,500,5786800,200
34229.03065,1,17667524,100,5795100,-1,5795100,100,5786800,200
34229.03171,3,17667524,100,5795100,-1,5795900,500,5786800,200
34229.03251,1,17667656,100,5795100,-1,5795100,100,5786800,200
34229.0333,3,17667656,100,5795100,-1,5795900,500,5786800,200
34229.30178,5,0,100,5787400,1,5795900,500,5786800,200
34229.35221,4,17622086,100,5786800,1,5795900,500,5786800,100
34229.44823,1,17681824,100,5795000,-1,5795000,100,5786800,100
34229.4484,1,17681843,100,5795000,-1,5795000,200,5786800,100
34229.44929,3,17681824,100,5795000,-1,5795000,100,5786800,100
34229.44944,3,17681843,100,5795000,-1,5795900,500,5786800,100
34229.45058,1,17681896,105,5795000,-1,5795000,105,5786800,100
34229.45166,3,17681896,105,5795000,-1,5795900,500,5786800,100
34229.45293,1,17681992,100,5795000,-1,5795000,100,5786800,100
34229.45402,3,17681992,100,5795000,-1,5795900,500,5786800,100
34229.45534,1,17682063,100,5795000,-1,5795000,100,5786800,100
34229.45642,3,17682063,100,5795000,-1,5795900,500,5786800,100
34229.45796,1,17682129,100,5795000,-1,5795000,100,5786800,100
34229.45912,3,17682129,100,5795000,-1,5795900,500,5786800,100
34229.46197,1,17682305,100,5795000,-1,5795000,100,5786800,100
34229.46214,1,17682314,100,5795000,-1,5795000,200,5786800,100
34229.46262,3,17682305,100,5795000,-1,5795000,100,5786800,100
34229.46277,3,17682314,100,5795000,-1,5795900,500,5786800,100
34229.4638,1,17682399,100,5795000,-1,5795000,100,5786800,100
34229.46485,3,17682399,100,5795000,-1,5795900,500,5786800,100
34229.46561,1,17682487,100,5795000,-1,5795000,100,5786800,100
34229.46672,3,17682487,100,5795000,-1,5795900,500,5786800,100
34229.46928,1,17682608,100,5795000,-1,5795000,100,5786800,100
34229.47036,3,17682608,100,5795000,-1,5795900,500,5786800,100
34229.47113,1,17682684,100,5795000,-1,5795000,100,5786800,100
34229.47219,3,17682684,100,5795000,-1,5795900,500,5786800,100
34229.47343,1,17682742,100,5795000,-1,5795000,100,5786800,100
34229.47359,1,17682745,100,5795000,-1,5795000,200,5786800,100
34229.47453,3,17682742,100,5795000,-1,5795000,100,5786800,100
34229.47467,3,17682745,100,5795000,-1,5795900,500,5786800,100
34229.47575,1,17682807,100,5795000,-1,5795000,100,5786800,100
34229.47689,3,17682807,100,5795000,-1,5795900,500,5786800,100
34229.47815,1,17682844,100,5795000,-1,5795000,100,5786800,100
34229.4788,3,17682844,100,5795000,-1,5795900,500,5786800,100
34229.4818,1,17682907,100,5795000,-1,5795000,100,5786800,100
34229.48288,3,17682907,100,5795000,-1,5795900,500,5786800,100
34229.48361,1,17683002,100,5795000,-1,5795000,100,5786800,100
34229.4851,3,17683002,100,5795000,-1,5795600,200,5786800,100
34229.51565,4,17622086,100,5786800,1,5795600,200,5782800,450
34229.51634,1,17683720,100,5783900,1,5795600,200,5783900,100
34229.51727,3,17683720,100,5783900,1,5795600,200,5782800,450
34229.51836,1,17683782,100,5783900,1,5795600,200,5783900,100
34229.51946,3,17683782,100,5783900,1,5795600,200,5782800,450
34229.52065,1,17683854,100,5783900,1,5795600,200,5783900,100
34229.52174,3,17683854,100,5783900,1,5795600,200,5782800,450
34229.523,1,17683893,100,5783900,1,5795600,200,5783900,100
34229.52419,3,17683893,100,5783900,1,5795600,200,5782800,450
34229.52545,1,17683929,100,5783900,1,5795600,200,5783900,100
34229.52654,3,17683929,100,5783900,1,5795600,200,5782800,450
34229.52735,1,17683959,100,5783900,1,5795600,200,5783900,100
34229.52857,3,17683959,100,5783900,1,5795600,200,5782800,450
34229.52984,1,17684022,100,5783900,1,5795600,200,5783900,100
34229.53094,3,17684022,100,5783900,1,5795600,200,5782800,450
34229.53212,1,17684055,100,5783900,1,5795600,200,5783900,100
34229.53278,3,17684055,100,5783900,1,5795600,200,5782800,450
34229.53405,1,17684099,100,5783900,1,5795600,200,5783900,100
34229.53528,3,17684099,100,5783900,1,5795600,200,5782800,450
34229.53644,1,17684162,100,5783900,1,5795600,200,5783900,100
34229.53784,3,17684162,100,5783900,1,5795600,200,5782800,450
34229.53902,1,17684303,100,5783900,1,5795600,200,5783900,100
34229.54022,3,17684303,100,5783900,1,5795600,200,5782800,450
34229.54146,1,17684421,100,5783900,1,5795600,200,5783900,100
34229.54255,3,17684421,100,5783900,1,5795600,200,5782800,450
34229.5438,1,17684473,100,5783900,1,5795600,200,5783900,100
34229.54494,3,17684473,100,5783900,1,5795600,200,5782800,450
34229.54622,1,17684511,100,5783900,1,5795600,200,5783900,100
34229.5473,3,17684511,100,5783900,1,5795600,200,5782800,450
34229.54804,1,17684573,100,5783900,1,5795600,200,5783900,100
34229.54916,3,17684573,100,5783900,1,5795600,200,5782800,450
34229.54991,1,17684639,100,5783900,1,5795600,200,5783900,100
34229.55057,3,17684639,100,5783900,1,5795600,200,5782800,450
34229.81285,5,0,100,5783100,1,5795600,200,5782800,450
34230.00248,3,17538298,350,5782800,1,5795600,200,5782800,100
34230.22335,1,17710663,350,5790200,1,5795600,200,5790200,350
34230.22348,4,17710663,91,5790200,1,5795600,200,5790200,259
34230.22355,4,17710663,259,5790200,1,5795600,200,5782800,100
34232.54069,4,17549203,100,5782800,1,5795600,200,5779300,300
34232.54074,5,0,100,5782800,1,5795600,200,5779300,300
34232.54099,1,17792682,100,5782800,1,5795600,200,5782800,100
34232.5588,4,17792682,100,5782800,1,5795600,200,5779300,300
34232.5588,5,0,100,5782800,1,5795600,200,5779300,300
34232.55912,1,17793663,100,5782800,1,5795600,200,5782800,100
34232.55922,4,17793663,100,5782800,1,5795600,200,5779300,300
34232.55922,5,0,60,5782800,1,5795600,200,5779300,300
34232.55953,1,17793687,100,5782800,1,5795600,200,5782800,100
34232.55974,4,17793687,100,5782800,1,5795600,200,5779300,300
34232.55974,5,0,100,5782800,1,5795600,200,5779300,300
34232.55998,1,17793716,100,5782800,1,5795600,200,5782800,100
34232.80056,1,17799758,100,5782800,1,5795600,200,5782800,200
34233.01388,4,17793716,100,5782800,1,5795600,200,5782800,100
34233.01416,1,17805275,100,5782800,1,5795600,200,5782800,200
34233.01417,3,17799758,100,5782800,1,5795600,200,5782800,100
34233.05248,1,17807246,100,5782800,1,5795600,200,5782800,200
34233.32012,3,17683040,200,5795600,-1,5795700,100,5782800,200
34233.32029,3,17792706,100,5795700,-1,5795900,500,5782800,200
34233.32031,1,17818508,200,5795700,-1,5795700,200,5782800,200
34233.32035,1,17818523,200,5795700,-1,5795700,400,5782800,200
34233.32046,3,17818508,200,5795700,-1,5795700,200,5782800,200
34233.3205,3,17818523,200,5795700,-1,5795800,100,5782800,200
34233.32366,1,17819228,200,5786300,-1,5786300,200,5782800,200
34233.32998,5,0,100,5783100,1,5786300,200,5782800,200
34233.32998,4,17805275,100,5782800,1,5786300,200,5782800,100
34233.33022,1,17819900,100,5782800,1,5786300,200,5782800,200
34233.33023,4,17807246,60,5782800,1,5786300,200,5782800,140
34233.33026,4,17807246,40,5782800,1,5786300,200,5782800,100
34233.56458,4,17819900,100,5782800,1,5786300,200,5779300,300
34233.56458,5,0,40,5782800,1,5786300,200,5779300,300
34234.84901,3,17516942,300,5779300,1,5786300,200,5772800,100
34236.21734,1,17926637,100,5773000,1,5786300,200,5773000,100
34236.2461,3,17926637,100,5773000,1,5786300,200,5772800,100
34236.2461,1,17927179,100,5773200,1,5786300,200,5773200,100
34236.29873,3,17927179,100,5773200,1,5786300,200,5772800,100
34236.32733,1,17929232,100,5773600,1,5786300,200,5773600,100
34236.34925,3,17929232,100,5773600,1,5786300,200,5772800,100
34236.34925,1,17929584,100,5773800,1,5786300,200,5773800,100
34236.41198,3,17929584,100,5773800,1,5786300,200,5772800,100
34236.41198,1,17931813,100,5774000,1,5786300,200,5774000,100
34236.44571,3,17931813,100,5774000,1,5786300,200,5772800,100
34236.44571,1,17932438,100,5774200,1,5786300,200,5774200,100
34236.46893,3,17932438,100,5774200,1,5786300,200,5772800,100
34236.46893,1,17932908,100,5774400,1,5786300,200,5774400,100
34236.50799,3,17932908,100,5774400,1,5786300,200,5772800,100
34236.52073,1,17934331,100,5773000,1,5786300,200,5773000,100
34236.57846,3,17934331,100,5773000,1,5786300,200,5772800,100
34236.60734,1,17936527,100,5773400,1,5786300,200,5773400,100
34236.63615,3,17936527,100,5773400,1,5786300,200,5772800,100
34236.63615,1,17937534,100,5773600,1,5786300,200,5773600,100
34236.66727,3,17937534,100,5773600,1,5786300,200,5772800,100
34236.66727,1,17938202,100,5773800,1,5786300,200,5773800,100
34236.6855,3,17938202,100,5773800,1,5786300,200,5772800,100
34236.6855,1,17938500,100,5774000,1,5786300,200,5774000,100
34236.72033,3,17938500,100,5774000,1,5786300,200,5772800,100
34236.72033,1,17939510,100,5774200,1,5786300,200,5774200,100
34236.74334,3,17939510,100,5774200,1,5786300,200,5772800,100
34236.74334,1,17940137,100,5774400,1,5786300,200,5774400,100
34236.77727,3,17940137,100,5774400,1,5786300,200,5772800,100
34236.8163,1,17942097,100,5773000,1,5786300,200,5773000,100
34236.84371,3,17942097,100,5773000,1,5786300,200,5772800,100
34236.84371,1,17942562,100,5773200,1,5786300,200,5773200,100
34236.87193,3,17942562,100,5773200,1,5786300,200,5772800,100
34236.87193,1,17943110,100,5773400,1,5786300,200,5773400,100
34236.89481,3,17943110,100,5773400,1,5786300,200,5772800,100
34236.92944,1,17944640,100,5773000,1,5786300,200,5773000,100
34236.95391,3,17944640,100,5773000,1,5786300,200,5772800,100
34236.95391,1,17945213,100,5773200,1,5786300,200,5773200,100
34236.98831,3,17945213,100,5773200,1,5786300,200,5772800,100
34236.98831,1,17946149,100,5773400,1,5786300,200,5773400,100
34237.01042,3,17946149,100,5773400,1,5786300,200,5772800,100
34237.04622,1,17948401,100,5773000,1,5786300,200,5773000,100
34237.08761,3,17948401,100,5773000,1,5786300,200,5772800,100
34237.08761,1,17950325,100,5773200,1,5786300,200,5773200,100
34237.11862,3,17950325,100,5773200,1,5786300,200,5772800,100
34237.11862,1,17951464,100,5773400,1,5786300,200,5773400,100
34237.15045,3,17951464,100,5773400,1,5786300,200,5772800,100
34237.15045,1,17952910,100,5773600,1,5786300,200,5773600,100
34237.17992,3,17952910,100,5773600,1,5786300,200,5772800,100
34237.17992,1,17953868,100,5773800,1,5786300,200,5773800,100
34237.20455,3,17953868,100,5773800,1,5786300,200,5772800,100
34237.2397,1,17955466,100,5773000,1,5786300,200,5773000,100
34237.29579,3,17955466,100,5773000,1,5786300,200,5772800,100
34237.35321,1,17958971,100,5773000,1,5786300,200,5773000,100
34237.37708,3,17958971,100,5773000,1,5786300,200,5772800,100
34237.44458,1,17961944,100,5773000,1,5786300,200,5773000,100
34237.47571,3,17961944,100,5773000,1,5786300,200,5772800,100
34237.49416,1,17963100,100,5773000,1,5786300,200,5773000,100
34237.54445,3,17963100,100,5773000,1,5786300,200,5772800,100
34237.58004,1,17965576,100,5773400,1,5786300,200,5773400,100
34237.63369,3,17965576,100,5773400,1,5786300,200,5772800,100
34237.63999,5,0,40,5778200,-1,5786300,200,5772800,100
34237.75861,3,17828517,100,5772800,1,5786300,200,5772400,20
34237.75876,1,17972272,400,5772800,1,5786300,200,5772800,400
34237.91827,3,17819228,200,5786300,-1,5795800,100,5772800,400
34237.91844,1,17983396,100,5795800,-1,5795800,200,5772800,400
34237.91849,1,17983401,100,5795800,-1,5795800,300,5772800,400
34237.91856,1,17983404,200,5795800,-1,5795800,500,5772800,400
34237.9288,5,0,60,5779000,1,5795800,500,5772800,400
34237.92894,3,17983396,100,5795800,-1,5795800,400,5772800,400
34237.92899,3,17983401,100,5795800,-1,5795800,300,5772800,400
34237.92905,3,17983404,200,5795800,-1,5795800,100,5772800,400
34240.10407,5,0,100,5777200,-1,5795800,100,5772800,400
34243.03541,1,18114208,200,5781500,-1,5781500,200,5772800,400
34243.03559,1,18114215,200,5781500,-1,5781500,400,5772800,400
34243.1361,3,18114208,200,5781500,-1,5781500,200,5772800,400
34243.13624,3,18114215,200,5781500,-1,5795800,100,5772800,400
34243.15142,5,0,25,5772900,1,5795800,100,5772800,400
34243.16232,1,18117865,30,5772900,1,5795800,100,5772900,30
34245.25546,1,18172773,13,5780400,-1,5780400,13,5772900,30
34245.69989,5,0,15,5773000,1,5780400,13,5772900,30
34245.69989,4,18117865,30,5772900,1,5780400,13,5772800,400
34245.69989,4,17972272,15,5772800,1,5780400,13,5772800,385
34245.70972,1,18185916,3,5773600,1,5780400,13,5773600,3
34251.13211,5,0,62,5777800,-1,5780400,13,5773600,3
34251.13282,3,18172773,13,5780400,-1,5795800,100,5773600,3
34251.13366,1,18312096,13,5778000,-1,5778000,13,5773600,3
34251.15018,5,0,13,5777000,-1,5778000,13,5773600,3
34251.15456,5,0,13,5777000,-1,5778000,13,5773600,3
34251.15656,5,0,12,5777000,-1,5778000,13,5773600,3
34251.15656,5,0,1,5777700,-1,5778000,13,5773600,3
34251.15819,5,0,13,5777700,-1,5778000,13,5773600,3
34251.21643,5,0,13,5777700,-1,5778000,13,5773600,3
34251.21667,5,0,13,5777700,-1,5778000,13,5773600,3
34251.22219,5,0,13,5777700,-1,5778000,13,5773600,3
34251.23791,5,0,13,5777700,-1,5778000,13,5773600,3
34251.75723,5,0,13,5777500,-1,5778000,13,5773600,3
34251.76144,5,0,13,5776600,-1,5778000,13,5773600,3
34254.05459,1,18390135,100,5774300,1,5778000,13,5774300,100
34257.58705,5,0,70,5774600,1,5778000,13,5774300,100
34257.7134,3,18390135,100,5774300,1,5778000,13,5772800,385
34259.50762,5,0,13,5777900,-1,5778000,13,5772800,385
34259.50762,5,0,13,5777900,-1,5778000,13,5772800,385
34259.50778,5,0,13,5777900,-1,5778000,13,5772800,385
34259.50789,5,0,13,5777900,-1,5778000,13,5772800,385
34259.50801,5,0,1,5777900,-1,5778000,13,5772800,385
34259.50923,5,0,13,5777900,-1,5778000,13,5772800,385
34259.50937,5,0,13,5777900,-1,5778000,13,5772800,385
34259.50951,5,0,13,5777900,-1,5778000,13,5772800,385
34259.50963,4,18312096,13,5778000,-1,5795900,500,5772800,385
34259.53885,1,18513017,100,5788500,-1,5788500,100,5772800,385
34259.53901,1,18513021,100,5788500,-1,5788500,200,5772800,385
34259.54915,1,18513244,100,5781000,-1,5781000,100,5772800,385
34259.54952,5,0,183,5780600,-1,5781000,100,5772800,385
34261.37934,1,18595522,8,5775100,-1,5775100,8,5772800,385
34261.37946,4,18595522,8,5775100,-1,5781000,100,5772800,385
34263.2567,5,0,13,5774500,1,5781000,100,5772800,385
34263.35599,5,0,50,5780400,-1,5781000,100,5772800,385
34263.35599,5,0,75,5780500,-1,5781000,100,5772800,385
34263.61164,1,18675942,6,5775100,-1,5775100,6,5772800,385
34263.61174,4,18675942,6,5775100,-1,5781000,100,5772800,385
34268.71048,3,18513244,100,5781000,-1,5795900,500,5772800,385
34268.73117,1,18793000,100,5788600,-1,5788600,100,5772800,385
34268.73135,1,18793009,100,5788600,-1,5788600,200,5772800,385
34268.74854,3,18793009,100,5788600,-1,5788600,100,5772800,385
34268.94409,1,18797790,100,5774300,1,5788600,100,5774300,100
34268.96504,3,18793000,100,5788600,-1,5795900,500,5774300,100
34269.86845,1,18819320,2,5779600,-1,5779600,2,5774300,100
34273.78326,1,18930424,300,5774500,1,5779600,2,5774500,300
34274.21568,3,18930424,300,5774500,1,5779600,2,5774300,100
34274.21584,1,18940158,300,5774600,1,5779600,2,5774600,300
34274.36708,3,18940158,300,5774600,1,5779600,2,5774300,100
34274.36726,1,18942869,300,5774700,1,5779600,2,5774700,300
34274.71923,3,18942869,300,5774700,1,5779600,2,5774300,100
34274.71936,1,18950278,300,5774800,1,5779600,2,5774800,300
34274.87896,3,18950278,300,5774800,1,5779600,2,5774300,100
34274.87909,1,18954066,300,5774900,1,5779600,2,5774900,300
34275.28102,3,18954066,300,5774900,1,5779600,2,5774300,100
34275.28117,1,18962978,300,5775000,1,5779600,2,5775000,300
34278.03228,3,18962978,300,5775000,1,5779600,2,5770000,7
34278.03252,1,19034433,400,5775000,1,5779600,2,5775000,400
34280.40075,1,19090125,100,5775100,1,5779600,2,5775100,100
34280.81527,1,19099454,100,5775100,1,5779600,2,5775100,200
34281.29209,1,19111831,100,5775400,1,5779600,2,5775400,100
34281.37536,4,18819320,2,5779600,-1,5795900,500,5775400,100
34281.37536,5,0,2,5779600,-1,5795900,500,5775400,100
34281.46715,1,19127369,100,5775500,1,5795900,500,5775500,100
34281.66908,1,19133236,100,5775500,1,5795900,500,5775500,200
34281.85041,1,19138244,100,5785100,-1,5785100,100,5775500,200
34281.85059,1,19138247,100,5785100,-1,5785100,200,5775500,200
34281.90795,3,19138244,100,5785100,-1,5785100,100,5775500,200
34281.9081,3,19138247,100,5785100,-1,5795900,500,5775500,200
34283.01306,1,19161126,100,5785100,-1,5785100,100,5775500,200
34283.01323,1,19161128,100,5785100,-1,5785100,200,5775500,200
34283.23232,1,19165168,100,5775600,1,5785100,200,5775600,100
34283.23248,3,19161128,100,5785100,-1,5785100,100,5775600,100
34283.23351,1,19165201,100,5775800,1,5785100,100,5775800,100
34283.26331,3,19161126,100,5785100,-1,5795900,500,5775800,100
34283.52637,3,19165201,100,5775800,1,5795900,500,5775600,100
34283.52787,3,19165168,100,5775600,1,5795900,500,5775500,100
34283.53771,1,19169629,100,5785100,-1,5785100,100,5775500,100
34283.53786,1,19169636,100,5785100,-1,5785100,200,5775500,100
34283.72309,5,0,1,5776600,1,5785100,200,5775500,100
34283.72325,3,19169636,100,5785100,-1,5785100,100,5775500,100
34284.2685,3,19169629,100,5785100,-1,5795900,500,5775500,100
34284.29306,1,19183093,100,5785100,-1,5785100,100,5775500,100
34284.29322,1,19183102,100,5785100,-1,5785100,200,5775500,100
34284.539,3,19183102,100,5785100,-1,5785100,100,5775500,100
34293.30556,1,19394920,200,5775600,1,5785100,100,5775600,200
34293.33927,3,19183093,100,5785100,-1,5795900,500,5775600,200
34293.39984,1,19396717,100,5775600,1,5795900,500,5775600,300
34298.38355,5,0,22,5780500,1,5795900,500,5775600,300
34298.38385,3,19396717,100,5775600,1,5795900,500,5775600,200
34302.23869,1,19599049,100,5785000,-1,5785000,100,5775600,200
34302.23887,1,19599053,100,5785000,-1,5785000,200,5775600,200
34302.50574,1,19603429,100,5775600,1,5785000,200,5775600,300
34302.50589,3,19599053,100,5785000,-1,5785000,100,5775600,300
34304.41791,3,19394920,200,5775600,1,5785000,100,5775600,100
34306.2298,1,19695098,100,5775700,1,5785000,100,5775700,100
34306.97673,3,19695098,100,5775700,1,5785000,100,5775500,100
34306.99784,1,19710258,100,5775500,1,5785000,100,5775500,200
34306.99857,3,19710258,100,5775500,1,5785000,100,5775500,100
34307.27581,3,19599049,100,5785000,-1,5795900,500,5775500,100
34308.0216,3,19133236,100,5775500,1,5795900,500,5775400,100
34308.05291,5,0,2,5779600,-1,5795900,500,5775400,100
34308.75182,1,19759938,100,5775700,1,5795900,500,5775700,100
34309.3963,5,0,1,5778600,1,5795900,500,5775700,100
34312.00515,1,19859754,2,5781700,-1,5781700,2,5775700,100
34313.81773,1,19892004,300,5778200,1,5781700,2,5778200,300
34314.01166,4,19859754,2,5781700,-1,5795900,500,5778200,300
34314.01187,1,19896213,100,5795800,-1,5795800,100,5778200,300
34314.01206,1,19896281,100,5795800,-1,5795800,200,5778200,300
34314.29065,5,0,1,5778800,1,5795800,200,5778200,300
34314.29081,3,19896281,100,5795800,-1,5795800,100,5778200,300
34314.4344,5,0,1,5781200,-1,5795800,100,5778200,300
34318.27172,5,0,89,5782300,-1,5795800,100,5778200,300
34318.67054,1,19985117,100,5784500,-1,5784500,100,5778200,300
34318.67071,1,19985120,100,5784500,-1,5784500,200,5778200,300
34318.74169,1,19986240,100,5783700,-1,5783700,100,5778200,300
34320.25419,3,19892004,300,5778200,1,5783700,100,5775700,100
34320.8408,1,20039921,100,5778100,1,5783700,100,5778100,100
34321.65325,3,20039921,100,5778100,1,5783700,100,5775700,100
34322.55262,1,20084755,100,5780000,1,5783700,100,5780000,100
34324.36431,1,20121837,400,5780000,1,5783700,100,5780000,500
34324.3655,5,0,100,5783200,-1,5783700,100,5780000,500
34324.36709,5,0,100,5783400,-1,5783700,100,5780000,500
34324.48283,5,0,100,5783400,-1,5783700,100,5780000,500
34325.3756,3,19986240,100,5783700,-1,5795800,100,5780000,500
34325.37577,1,20145890,100,5795800,-1,5795800,200,5780000,500
34325.38321,5,0,100,5780700,1,5795800,200,5780000,500
34325.38571,5,0,3,5780500,1,5795800,200,5780000,500
34325.38571,5,0,70,5780200,1,5795800,200,5780000,500
34325.38571,4,20084755,100,5780000,1,5795800,200,5780000,400
34325.38571,4,20121837,400,5780000,1,5795800,200,5778300,300
34331.15674,5,0,3,5780000,-1,5795800,200,5778300,300
34331.71316,1,20302014,100,5778300,1,5795800,200,5778300,400
34333.24824,1,20327617,300,5778500,1,5795800,200,5778500,300
34333.29593,1,20328387,5,5783700,-1,5783700,5,5778500,300
34334.14363,5,0,200,5780000,-1,5783700,5,5778500,300
34335.00342,3,20328387,5,5783700,-1,5795800,200,5778500,300
34335.27181,1,20367321,100,5785000,-1,5785000,100,5778500,300
34335.43074,1,20378438,200,5783100,-1,5783100,200,5778500,300
34335.43091,1,20378442,100,5783100,-1,5783100,300,5778500,300
34335.4583,1,20378957,100,5783000,-1,5783000,100,5778500,300
34335.46744,1,20379139,100,5778500,1,5783000,100,5778500,400
34336.40959,3,20379139,100,5778500,1,5783000,100,5778500,300
34338.58639,1,20438125,51,5780300,1,5783000,100,5780300,51
34338.5865,4,20438125,51,5780300,1,5783000,100,5778500,300
34339.15644,1,20454221,100,5778500,1,5783000,100,5778500,400
34340.06271,5,0,95,5779100,1,5783000,100,5778500,400
34340.06271,4,20327617,234,5778500,1,5783000,100,5778500,166
34340.06283,4,20327617,63,5778500,1,5783000,100,5778500,103
34340.06284,4,20327617,3,5778500,1,5783000,100,5778500,100
34340.06284,4,20454221,96,5778500,1,5783000,100,5778500,4
34340.06297,4,20454221,4,5778500,1,5783000,100,5778400,100
34340.06297,4,20386922,93,5778400,1,5783000,100,5778400,7
34340.06403,4,20386922,7,5778400,1,5783000,100,5775700,100
34343.18605,1,20540534,100,5778800,1,5783000,100,5778800,100
34343.18618,4,20540534,87,5778800,1,5783000,100,5778800,13
34343.18642,4,20540534,13,5778800,1,5783000,100,5775700,100
34343.58399,1,20549125,100,5782400,-1,5782400,100,5775700,100
34343.58416,1,20549128,100,5782400,-1,5782400,200,5775700,100
34343.74953,3,20549128,100,5782400,-1,5782400,100,5775700,100
34344.70281,5,0,100,5775800,1,5782400,100,5775700,100
34346.15144,5,0,1,5776000,1,5782400,100,5775700,100
34346.36223,5,0,100,5776000,1,5782400,100,5775700,100
34346.36316,5,0,100,5775800,1,5782400,100,5775700,100
34346.96455,1,20638147,100,5782000,-1,5782000,100,5775700,100
34346.96473,1,20638150,100,5782000,-1,5782000,200,5775700,100
34347.35147,3,20638147,100,5782000,-1,5782000,100,5775700,100
34347.35161,3,20638150,100,5782000,-1,5782400,100,5775700,100
34347.4336,1,20649709,100,5781800,-1,5781800,100,5775700,100
34347.43377,1,20649712,100,5781800,-1,5781800,200,5775700,100
34347.87543,3,20649709,100,5781800,-1,5781800,100,5775700,100
34347.87558,3,20649712,100,5781800,-1,5783000,100,5775700,100
34348.43092,4,19759938,100,5775700,1,5783000,100,5773000,100
34348.58649,1,20681244,500,5774200,1,5783000,100,5774200,500
34348.80919,5,0,13,5775700,1,5783000,100,5774200,500
34348.80919,4,20681244,387,5774200,1,5783000,100,5774200,113
34349.13346,1,20709162,200,5781600,-1,5781600,200,5774200,113
34351.61396,5,0,40,5777750,1,5781600,200,5774200,113
34353.23598,3,20709162,200,5781600,-1,5782100,30,5774200,113
34353.24546,4,20681244,60,5774200,1,5782100,30,5774200,53
34353.24619,4,20681244,53,5774200,1,5782100,30,5773000,100
34353.24691,4,19500112,58,5773000,1,5782100,30,5773000,42
34353.24712,4,19500112,42,5773000,1,5782100,30,5770000,107
34353.5481,1,20828557,200,5777800,-1,5777800,200,5770000,107
34359.27487,3,20828557,200,5777800,-1,5782100,30,5770000,107
34359.27871,1,20925288,100,5770200,1,5782100,30,5770200,100
34359.33573,3,20925288,100,5770200,1,5782100,30,5770000,107
34361.20046,1,20964596,100,5777400,-1,5777400,100,5770000,107
34363.65626,3,20964596,100,5777400,-1,5782100,30,5770000,107
34363.65902,1,21028177,100,5770200,1,5782100,30,5770200,100
34363.66241,3,21028177,100,5770200,1,5782100,30,5770000,107
34363.69135,1,21028917,100,5776800,-1,5776800,100,5770000,107
34364.22696,1,21041912,100,5771000,1,5776800,100,5771000,100
34364.31337,3,21041912,100,5771000,1,5776800,100,5770000,107
34364.3159,1,21049241,100,5771700,1,5776800,100,5771700,100
34364.81549,3,21049241,100,5771700,1,5776800,100,5770000,107
34364.8186,1,21064174,100,5771800,1,5776800,100,5771800,100
34364.82097,3,21064174,100,5771800,1,5776800,100,5770000,107
34364.82443,1,21064311,100,5771800,1,5776800,100,5771800,100
34364.83055,3,21064311,100,5771800,1,5776800,100,5770000,107
34364.83719,1,21064511,100,5771800,1,5776800,100,5771800,100
34364.844,3,21064511,100,5771800,1,5776800,100,5770000,107
34364.85072,1,21064844,100,5771800,1,5776800,100,5771800,100
34364.85783,3,21064844,100,5771800,1,5776800,100,5770000,107
34364.86493,1,21065136,100,5771800,1,5776800,100,5771800,100
34364.8715,3,21065136,100,5771800,1,5776800,100,5770000,107
34364.87878,1,21065280,100,5771800,1,5776800,100,5771800,100
34364.88553,3,21065280,100,5771800,1,5776800,100,5770000,107
34364.89243,1,21065475,100,5771800,1,5776800,100,5771800,100
34364.89962,3,21065475,100,5771800,1,5776800,100,5770000,107
34364.9065,1,21065698,100,5771800,1,5776800,100,5771800,100
34364.91315,3,21065698,100,5771800,1,5776800,100,5770000,107
34364.92047,1,21065879,100,5771800,1,5776800,100,5771800,100
34364.9272,3,21065879,100,5771800,1,5776800,100,5770000,107
34364.93396,1,21066142,100,5771800,1,5776800,100,5771800,100
34364.94048,3,21066142,100,5771800,1,5776800,100,5770000,107
34364.94714,1,21066321,100,5771800,1,5776800,100,5771800,100
34364.95363,3,21066321,100,5771800,1,5776800,100,5770000,107
34364.96052,1,21066552,100,5771800,1,5776800,100,5771800,100
34364.96768,3,21066552,100,5771800,1,5776800,100,5770000,107
34364.97445,1,21066911,100,5771800,1,5776800,100,5771800,100
34364.98129,3,21066911,100,5771800,1,5776800,100,5770000,107
34364.98859,1,21067144,100,5771800,1,5776800,100,5771800,100
34364.99567,3,21067144,100,5771800,1,5776800,100,5770000,107
34365.00232,1,21067364,100,5771800,1,5776800,100,5771800,100
34365.00885,3,21067364,100,5771800,1,5776800,100,5770000,107
34365.01632,1,21067953,100,5771800,1,5776800,100,5771800,100
34365.02316,3,21067953,100,5771800,1,5776800,100,5770000,107
34365.03088,1,21068428,100,5771800,1,5776800,100,5771800,100
34365.03732,3,21068428,100,5771800,1,5776800,100,5770000,107
34365.04399,1,21068909,100,5771800,1,5776800,100,5771800,100
34365.05111,3,21068909,100,5771800,1,5776800,100,5770000,107
34365.05724,1,21069263,100,5771800,1,5776800,100,5771800,100
34365.06386,3,21069263,100,5771800,1,5776800,100,5770000,107
34365.07084,1,21069608,100,5771800,1,5776800,100,5771800,100
34365.07811,3,21069608,100,5771800,1,5776800,100,5770000,107
34365.08493,1,21070099,100,5771800,1,5776800,100,5771800,100
34365.09195,3,21070099,100,5771800,1,5776800,100,5770000,107
34365.09442,1,21070688,100,5772400,1,5776800,100,5772400,100
34365.81632,4,21070688,100,5772400,1,5776800,100,5770000,107
34366.20157,3,21028917,100,5776800,-1,5782100,30,5770000,107
34366.21319,1,21089993,100,5781100,-1,5781100,100,5770000,107
34366.24128,1,21091020,100,5777800,-1,5777800,100,5770000,107
34368.68377,5,0,100,5770100,1,5777800,100,5770000,107
34368.68377,5,0,7,5770100,1,5777800,100,5770000,107
34368.73295,3,21091020,100,5777800,-1,5782100,30,5770000,107
34368.73366,1,21137839,100,5781200,-1,5781200,100,5770000,107
34369.76691,3,21137839,100,5781200,-1,5782100,30,5770000,107
34369.76691,1,21158639,100,5781400,-1,5781400,100,5770000,107
34370.54603,1,21171669,100,5770900,1,5781400,100,5770900,100
34370.55902,3,21158639,100,5781400,-1,5782100,30,5770900,100
34370.55902,1,21171828,100,5781600,-1,5781600,100,5770900,100
34370.55996,3,21171828,100,5781600,-1,5782100,30,5770900,100
34370.55996,1,21171839,100,5781900,-1,5781900,100,5770900,100
34370.56048,3,21171839,100,5781900,-1,5782100,30,5770900,100
34370.56048,1,21171847,100,5781200,-1,5781200,100,5770900,100
34370.56607,3,21171847,100,5781200,-1,5782100,30,5770900,100
34370.56607,1,21171950,100,5781400,-1,5781400,100,5770900,100
34370.56693,3,21171950,100,5781400,-1,5782100,30,5770900,100
34370.56693,1,21171960,100,5781700,-1,5781700,100,5770900,100
34370.56774,3,21171960,100,5781700,-1,5782100,30,5770900,100
34370.56774,1,21171971,100,5781200,-1,5781200,100,5770900,100
34370.56935,3,21171971,100,5781200,-1,5782100,30,5770900,100
34370.56935,1,21171994,100,5781400,-1,5781400,100,5770900,100
34370.56977,3,21171994,100,5781400,-1,5782100,30,5770900,100
34370.56977,1,21172005,100,5781700,-1,5781700,100,5770900,100
34370.57053,3,21172005,100,5781700,-1,5782100,30,5770900,100
34370.57053,1,21172020,100,5782100,-1,5782100,130,5770900,100
34370.59516,3,21172020,100,5782100,-1,5782100,30,5770900,100
34370.59729,1,21172467,100,5781200,-1,5781200,100,5770900,100
34372.80534,3,21172467,100,5781200,-1,5782100,30,5770900,100
34372.80534,1,21208040,100,5781600,-1,5781600,100,5770900,100
34373.08806,3,21171669,100,5770900,1,5781600,100,5770000,107
34374.01547,3,21208040,100,5781600,-1,5782100,30,5770000,107
34374.01547,1,21227287,100,5781800,-1,5781800,100,5770000,107
34375.03675,3,21227287,100,5781800,-1,5782100,30,5770000,107
34375.03675,1,21242695,100,5781900,-1,5781900,100,5770000,107
34375.80245,1,21256015,50,5780000,-1,5780000,50,5770000,107
34376.55434,1,21268145,100,5776700,-1,5776700,100,5770000,107
34378.70306,3,21268145,100,5776700,-1,5780000,50,5770000,107
34378.74205,1,21299341,100,5776100,-1,5776100,100,5770000,107
34379.60037,1,21310770,20,5775800,-1,5775800,20,5770000,107
34379.60056,1,21310773,30,5775800,-1,5775800,50,5770000,107
34382.80732,1,21388849,100,5775600,-1,5775600,100,5770000,107
34383.35431,1,21396866,20,5775000,-1,5775000,20,5770000,107
34383.35444,1,21396868,30,5775000,-1,5775000,50,5770000,107
34384.35953,4,21396866,20,5775000,-1,5775000,30,5770000,107
34384.35953,4,21396868,30,5775000,-1,5780000,50,5770000,107
34384.38605,1,21412854,100,5775100,-1,5775100,100,5770000,107
34384.38616,4,21412854,100,5775100,-1,5780000,50,5770000,107
34384.53645,1,21415365,100,5771800,1,5780000,50,5771800,100
34384.55574,3,21415365,100,5771800,1,5780000,50,5770000,107
34385.48201,1,21433754,100,5771800,1,5780000,50,5771800,100
34385.91578,1,21440500,100,5779000,-1,5779000,100,5771800,100
34385.9361,3,21433754,100,5771800,1,5779000,100,5770000,107
34385.93627,1,21440777,300,5770000,1,5779000,100,5770000,407
34385.93631,1,21440780,100,5770000,1,5779000,100,5770000,507
34387.49749,3,21440500,100,5779000,-1,5780000,50,5770000,507
34387.49765,3,21440777,300,5770000,1,5780000,50,5770000,207
34387.4977,3,21440780,100,5770000,1,5780000,50,5770000,107
34388.0046,1,21487299,100,5773100,1,5780000,50,5773100,100
34394.12379,1,21606071,1,5776300,-1,5776300,1,5773100,100
34397.16782,1,21683064,5,5773100,1,5776300,1,5773100,105
34397.90953,3,21487299,100,5773100,1,5776300,1,5773100,5
34397.97873,1,21703133,1,5775400,-1,5775400,1,5773100,5
34397.98326,4,21703133,1,5775400,-1,5776300,1,5773100,5
34400.30238,5,0,1,5776000,-1,5776300,1,5773100,5
34400.30256,5,0,1,5776000,-1,5776300,1,5773100,5
34400.30267,4,21606071,1,5776300,-1,5780000,50,5773100,5
34402.47446,1,21802864,100,5779600,-1,5779600,100,5773100,5
34404.48752,1,21830439,100,5779500,-1,5779500,100,5773100,5
34416.03339,1,22004653,100,5779500,-1,5779500,200,5773100,5
34416.03709,3,22004653,100,5779500,-1,5779500,100,5773100,5
34417.17101,1,22022158,100,5779500,-1,5779500,200,5773100,5
34419.17999,3,21830439,100,5779500,-1,5779500,100,5773100,5
34419.18052,3,22022158,100,5779500,-1,5779600,100,5773100,5
34419.63273,4,21683064,5,5773100,1,5779600,100,5770000,107
34420.06364,1,22073677,100,5779600,-1,5779600,200,5770000,107
34420.09666,3,22073677,100,5779600,-1,5779600,100,5770000,107
34420.09787,1,22074281,100,5779600,-1,5779600,200,5770000,107
34420.14083,3,22074281,100,5779600,-1,5779600,100,5770000,107
34423.64207,1,22131999,200,5771900,-1,5771900,200,5770000,107
34424.7463,3,22131999,200,5771900,-1,5779600,100,5770000,107
34424.74676,1,22150735,100,5779600,-1,5779600,200,5770000,107
34424.77805,4,1378648,2,5770000,1,5779600,200,5770000,105
34424.77805,4,2122857,2,5770000,1,5779600,200,5770000,103
34424.77805,4,2125118,3,5770000,1,5779600,200,5770000,100
34424.77805,4,20146166,93,5770000,1,5779600,200,5770000,7
34424.7782,3,20146166,7,5770000,1,5779600,200,5767500,100
34426.43664,5,0,100,5771400,-1,5779600,200,5767500,100
34435.8263,1,22295191,100,5774200,-1,5774200,100,5767500,100
34439.95018,1,22341679,500,5770000,1,5774200,100,5770000,500
34439.99446,3,22295191,100,5774200,-1,5779600,200,5770000,500
34440.46128,3,21802864,100,5779600,-1,5779600,100,5770000,500
34444.31599,3,22150735,100,5779600,-1,5780000,50,5770000,500
34444.31599,1,22430679,100,5779800,-1,5779800,100,5770000,500
34444.31683,3,22430679,100,5779800,-1,5780000,50,5770000,500
34444.95272,3,22341679,500,5770000,1,5780000,50,5767500,100
34446.52866,1,22464988,100,5780000,-1,5780000,150,5767500,100
34446.52907,1,22465007,100,5780000,-1,5780000,250,5767500,100
34447.12714,3,22464988,100,5780000,-1,5780000,150,5767500,100
34447.48543,1,22480333,100,5774600,-1,5774600,100,5767500,100
34447.48664,4,22480333,100,5774600,-1,5780000,150,5767500,100
34453.53332,1,22565097,50,5770000,1,5780000,150,5770000,50
34453.66297,3,22465007,100,5780000,-1,5780000,50,5770000,50
34453.66297,1,22567942,100,5778200,-1,5778200,100,5770000,50
34453.7078,3,22567942,100,5778200,-1,5780000,50,5770000,50
34453.7078,1,22569175,100,5778400,-1,5778400,100,5770000,50
34453.70885,3,22569175,100,5778400,-1,5780000,50,5770000,50
34453.70885,1,22569236,100,5778800,-1,5778800,100,5770000,50
34453.71013,3,22569236,100,5778800,-1,5780000,50,5770000,50
34453.71013,1,22569266,100,5778200,-1,5778200,100,5770000,50
34455.65412,1,22594812,100,5770000,1,5778200,100,5770000,150
34455.65429,1,22594814,100,5770000,1,5778200,100,5770000,250
34455.65731,1,22594857,100,5770000,1,5778200,100,5770000,350
34457.15103,3,22569266,100,5778200,-1,5780000,50,5770000,350
34457.15103,1,22622058,100,5778400,-1,5778400,100,5770000,350
34457.15155,3,22622058,100,5778400,-1,5780000,50,5770000,350
34457.15155,1,22622080,100,5778800,-1,5778800,100,5770000,350
34457.15192,3,22622080,100,5778800,-1,5780000,50,5770000,350
34457.15192,1,22622097,100,5779000,-1,5779000,100,5770000,350
34457.15303,3,22622097,100,5779000,-1,5780000,50,5770000,350
34457.15303,1,22622163,100,5778200,-1,5778200,100,5770000,350
34457.27316,3,22622163,100,5778200,-1,5780000,50,5770000,350
34457.27316,1,22626633,100,5778400,-1,5778400,100,5770000,350
34457.27356,3,22626633,100,5778400,-1,5780000,50,5770000,350
34457.27356,1,22626654,100,5778800,-1,5778800,100,5770000,350
34457.27393,3,22626654,100,5778800,-1,5780000,50,5770000,350
34457.27393,1,22626663,100,5779300,-1,5779300,100,5770000,350
34457.27433,3,22626663,100,5779300,-1,5780000,50,5770000,350
34457.27467,1,22626680,100,5778200,-1,5778200,100,5770000,350
34457.28415,3,22626680,100,5778200,-1,5780000,50,5770000,350
34457.28415,1,22627386,100,5778400,-1,5778400,100,5770000,350
34457.28456,3,22627386,100,5778400,-1,5780000,50,5770000,350
34457.28456,1,22627402,100,5778800,-1,5778800,100,5770000,350
34457.28508,3,22627402,100,5778800,-1,5780000,50,5770000,350
34457.28508,1,22627427,100,5779300,-1,5779300,100,5770000,350
34457.28549,3,22627427,100,5779300,-1,5780000,50,5770000,350
34457.28607,1,22627455,100,5778200,-1,5778200,100,5770000,350
34458.91552,5,0,7,5772300,-1,5778200,100,5770000,350
34461.13311,3,22627455,100,5778200,-1,5780000,50,5770000,350
34461.13311,1,22681052,100,5778400,-1,5778400,100,5770000,350
34461.13346,3,22681052,100,5778400,-1,5780000,50,5770000,350
34461.13346,1,22681055,100,5778800,-1,5778800,100,5770000,350
34461.13469,3,22681055,100,5778800,-1,5780000,50,5770000,350
34461.13469,1,22681071,100,5778200,-1,5778200,100,5770000,350
34464.2919,3,22681071,100,5778200,-1,5780000,50,5770000,350
34464.2919,1,22719994,100,5778400,-1,5778400,100,5770000,350
34464.29294,3,22719994,100,5778400,-1,5780000,50,5770000,350
34464.29294,1,22720031,100,5778800,-1,5778800,100,5770000,350
34464.54686,3,22720031,100,5778800,-1,5780000,50,5770000,350
34464.54686,1,22723191,100,5779100,-1,5779100,100,5770000,350
34464.67614,3,22723191,100,5779100,-1,5780000,50,5770000,350
34464.67614,1,22724650,100,5779900,-1,5779900,100,5770000,350
34465.64029,3,22724650,100,5779900,-1,5780000,50,5770000,350
34465.64774,1,22739517,100,5778200,-1,5778200,100,5770000,350
34466.78519,3,22739517,100,5778200,-1,5780000,50,5770000,350
34466.78519,1,22753202,100,5778500,-1,5778500,100,5770000,350
34467.51764,3,22594812,100,5770000,1,5778500,100,5770000,250
34467.51781,3,22594857,100,5770000,1,5778500,100,5770000,150
34467.51795,3,22594814,100,5770000,1,5778500,100,5770000,50
34467.51997,1,22765372,100,5771000,1,5778500,100,5771000,100
34467.52012,1,22765373,100,5771000,1,5778500,100,5771000,200
34468.47908,1,22776536,100,5774500,-1,5774500,100,5771000,200
34469.92709,5,0,100,5774400,-1,5774500,100,5771000,200
34470.0059,5,0,89,5774000,-1,5774500,100,5771000,200
34470.0059,1,22793144,11,5774000,1,5774500,100,5774000,11
34470.00601,4,22793144,11,5774000,1,5774500,100,5771000,200
34470.31334,4,22776536,100,5774500,-1,5778500,100,5771000,200
34470.31384,3,22753202,100,5778500,-1,5780000,50,5771000,200
34470.31384,1,22798184,100,5778600,-1,5778600,100,5771000,200
34470.3157,3,22765373,100,5771000,1,5778600,100,5771000,100
34470.31597,3,22765372,100,5771000,1,5778600,100,5770000,50
34470.31682,3,22798184,100,5778600,-1,5780000,50,5770000,50
34470.31682,1,22798274,100,5779100,-1,5779100,100,5770000,50
34470.31781,1,22798281,100,5774500,1,5779100,100,5774500,100
34470.31804,1,22798287,100,5774500,1,5779100,100,5774500,200
34470.31822,3,22798274,100,5779100,-1,5780000,50,5774500,200
34470.71242,3,22798281,100,5774500,1,5780000,50,5774500,100
34470.71279,3,22798287,100,5774500,1,5780000,50,5770000,50
34470.71504,1,22802447,100,5774500,1,5780000,50,5774500,100
34470.7154,1,22802457,100,5774500,1,5780000,50,5774500,200
34470.92399,3,22802447,100,5774500,1,5780000,50,5774500,100
34470.92483,3,22802457,100,5774500,1,5780000,50,5770000,50
34470.92648,1,22804318,100,5774500,1,5780000,50,5774500,100
34470.92719,1,22804332,100,5774500,1,5780000,50,5774500,200
34471.60012,1,22812027,100,5778000,-1,5778000,100,5774500,200
34474.7438,5,0,1,5774800,1,5778000,100,5774500,200
34476.79286,5,0,99,5774800,1,5778000,100,5774500,200
34476.79286,5,0,100,5774600,1,5778000,100,5774500,200
34476.79286,5,0,1,5774600,1,5778000,100,5774500,200
34477.3434,4,22804318,50,5774500,1,5778000,100,5774500,150
34481.74738,5,0,100,5777800,-1,5778000,100,5774500,150
34481.74953,3,22804318,50,5774500,1,5778000,100,5774500,100
34481.74992,1,22934833,100,5778000,-1,5778000,200,5774500,100
34481.75007,3,22804332,100,5774500,1,5778000,200,5770500,100
34481.75292,1,22934882,100,5774500,1,5778000,200,5774500,100
34481.97765,5,0,1,5774800,1,5778000,200,5774500,100
34481.98467,5,0,100,5774800,1,5778000,200,5774500,100
34482.14513,3,22934882,100,5774500,1,5778000,200,5770500,100
34482.1478,1,22952132,100,5774500,1,5778000,200,5774500,100
34483.98565,3,22934833,100,5778000,-1,5778000,100,5774500,100
34485.03824,5,0,1,5774900,1,5778000,100,5774500,100
34485.19939,5,0,24,5774900,1,5778000,100,5774500,100
34485.1998,5,0,100,5774600,1,5778000,100,5774500,100
34486.65598,5,0,20,5774800,1,5778000,100,5774500,100
34491.80336,1,23117366,40,5778000,-1,5778000,140,5774500,100
34492.62931,5,0,100,5774800,1,5778000,140,5774500,100
34492.75794,3,22952132,100,5774500,1,5778000,140,5770500,100
34492.76007,1,23127449,100,5774500,1,5778000,140,5774500,100
34492.95846,3,23127449,100,5774500,1,5778000,140,5770500,100
34492.96185,1,23130064,100,5774500,1,5778000,140,5774500,100
34500.10124,1,23233624,100,5775000,1,5778000,140,5775000,100
34500.11654,5,0,1,5775100,1,5778000,140,5775000,100
34500.15958,1,23238603,100,5775300,1,5778000,140,5775300,100
34500.17139,1,23239209,100,5775600,1,5778000,140,5775600,100
34500.18031,1,23239592,100,5775900,1,5778000,140,5775900,100
34500.29862,3,22812027,100,5778000,-1,5778000,40,5775900,100
34500.53565,5,0,40,5777600,-1,5778000,40,5775900,100
34500.53581,5,0,40,5777600,-1,5778000,40,5775900,100
34500.53593,5,0,16,5777600,-1,5778000,40,5775900,100
34500.53775,4,23117366,40,5778000,-1,5780000,50,5775900,100
34500.55505,1,23258035,100,5776600,1,5780000,50,5776600,100
34500.55515,5,0,3,5778700,-1,5780000,50,5776600,100
34500.55515,4,21256015,50,5780000,-1,5785600,100,5776600,100
34500.55515,5,0,47,5780000,-1,5785600,100,5776600,100
34500.55927,1,23258476,100,5776600,1,5785600,100,5776600,200
34500.56433,1,23258863,100,5781400,-1,5781400,100,5776600,200
34500.56445,3,23258863,100,5781400,-1,5785600,100,5776600,200
34500.56445,1,23258871,100,5782600,-1,5782600,100,5776600,200
34500.56507,1,23258919,100,5782200,-1,5782200,100,5776600,200
34500.5653,3,23258035,100,5776600,1,5782200,100,5776600,100
34500.56531,1,23258945,100,5780300,-1,5780300,100,5776600,100
34500.70161,1,23265086,800,5776600,1,5780300,100,5776600,900
34500.78374,4,23258945,100,5780300,-1,5782200,100,5776600,900
34500.78426,3,23258919,100,5782200,-1,5785600,100,5776600,900
34500.78426,1,23266861,100,5783700,-1,5783700,100,5776600,900
34500.78547,3,23258476,100,5776600,1,5783700,100,5776600,800
34500.78747,1,23266918,100,5780200,1,5783700,100,5780200,100
34500.78794,3,23266861,100,5783700,-1,5785600,100,5780200,100
34500.78794,1,23266927,100,5784200,-1,5784200,100,5780200,100
34500.7886,1,23266956,100,5780200,1,5784200,100,5780200,200
34500.79169,3,23266927,100,5784200,-1,5785600,100,5780200,200
34500.79169,1,23267018,100,5784900,-1,5784900,100,5780200,200
34500.79187,1,23267021,200,5784900,-1,5784900,300,5780200,200
34500.79193,1,23267023,100,5784900,-1,5784900,400,5780200,200
34500.79226,3,23267018,100,5784900,-1,5784900,300,5780200,200
34500.79707,5,0,112,5780300,1,5784900,300,5780200,200
34501.76222,5,0,91,5780400,1,5784900,300,5780200,200
34501.76222,5,0,9,5780300,1,5784900,300,5780200,200
34501.76419,5,0,78,5780300,1,5784900,300,5780200,200
34501.76419,4,23266918,22,5780200,1,5784900,300,5780200,178
34501.76711,3,23266956,100,5780200,1,5784900,300,5780200,78
34501.76719,4,23266918,78,5780200,1,5784900,300,5776600,800
34502.85396,1,23306618,200,5781400,-1,5781400,200,5776600,800
34505.70351,3,23265086,800,5776600,1,5781400,200,5772100,100
34506.29316,1,23379108,100,5776500,1,5781400,200,5776500,100
34506.97543,3,23306618,200,5781400,-1,5785600,100,5776500,100
34506.9756,1,23400514,200,5785600,-1,5785600,300,5776500,100
34506.97565,1,23400516,100,5785600,-1,5785600,400,5776500,100
34506.9757,1,23400518,100,5785600,-1,5785600,500,5776500,100
34506.98754,5,0,80,5777500,1,5785600,500,5776500,100
34506.98769,3,23400514,200,5785600,-1,5785600,300,5776500,100
34506.98773,3,23400516,100,5785600,-1,5785600,200,5776500,100
34506.98776,3,23400518,100,5785600,-1,5785600,100,5776500,100
34506.99455,3,23379108,100,5776500,1,5785600,100,5772100,100
34507.00186,1,23401035,100,5776600,1,5785600,100,5776600,100
34507.00871,3,23401035,100,5776600,1,5785600,100,5772100,100
34507.04654,1,23402446,100,5781900,-1,5781900,100,5772100,100
34507.05707,1,23402633,100,5775200,1,5781900,100,5775200,100
34507.0612,3,23402633,100,5775200,1,5781900,100,5772100,100
34507.06359,1,23402864,100,5776000,1,5781900,100,5776000,100
34509.32125,5,0,2,5777500,1,5781900,100,5776000,100
34510.00199,1,23466266,142,5776000,1,5781900,100,5776000,242
34511.28444,1,23491045,100,5778100,-1,5778100,100,5776000,242
34511.28478,1,23491062,100,5778100,-1,5778100,200,5776000,242
34511.28807,5,0,7,5777500,1,5778100,200,5776000,242
34511.28818,5,0,11,5777500,1,5778100,200,5776000,242
34511.37867,3,23491062,100,5778100,-1,5778100,100,5776000,242
34511.39913,5,0,78,5777800,-1,5778100,100,5776000,242
34511.42186,5,0,100,5777800,-1,5778100,100,5776000,242
34511.62005,5,0,200,5777800,-1,5778100,100,5776000,242
34511.6223,3,23402864,100,5776000,1,5778100,100,5776000,142
34511.62244,3,23466266,142,5776000,1,5778100,100,5772100,100
34511.65372,1,23497077,142,5776000,1,5778100,100,5776000,142
34511.66183,1,23497212,100,5776000,1,5778100,100,5776000,242
34511.99224,5,0,1,5776100,1,5778100,100,5776000,242
34511.99462,5,0,99,5776100,1,5778100,100,5776000,242
34511.99462,5,0,100,5776100,1,5778100,100,5776000,242
34511.99462,4,23497077,142,5776000,1,5778100,100,5776000,100
34511.99462,4,23497212,100,5776000,1,5778100,100,5772100,100
34512.02376,1,23508241,100,5772700,1,5778100,100,5772700,100
34512.10944,3,23508241,100,5772700,1,5778100,100,5772100,100
34512.28308,5,0,100,5772200,1,5778100,100,5772100,100
34512.28553,5,0,100,5772300,1,5778100,100,5772100,100
34512.28553,4,23207675,100,5772100,1,5778100,100,5771500,100
34518.99948,1,23669065,100,5777300,-1,5777300,100,5771500,100
34518.99966,1,23669069,100,5777300,-1,5777300,200,5771500,100
34522.50166,1,23721676,100,5772200,1,5777300,200,5772200,100
34522.50182,3,23669069,100,5777300,-1,5777300,100,5772200,100
34525.02865,3,23669065,100,5777300,-1,5778100,100,5772200,100
34525.02883,1,23762265,100,5778100,-1,5778100,200,5772200,100
34525.02889,1,23762266,100,5778100,-1,5778100,300,5772200,100
34525.02895,1,23762272,100,5778100,-1,5778100,400,5772200,100
34525.02902,1,23762277,100,5778100,-1,5778100,500,5772200,100
34525.36323,1,23768899,100,5778100,-1,5778100,600,5772200,100
34525.36338,3,23762265,100,5778100,-1,5778100,500,5772200,100
34525.36342,3,23762266,100,5778100,-1,5778100,400,5772200,100
34525.36346,3,23762272,100,5778100,-1,5778100,300,5772200,100
34525.36353,3,23762277,100,5778100,-1,5778100,200,5772200,100
34525.45235,3,23768899,100,5778100,-1,5778100,100,5772200,100
34526.4668,1,23793494,100,5778100,-1,5778100,200,5772200,100
34526.47134,3,23793494,100,5778100,-1,5778100,100,5772200,100
34527.12197,3,23721676,100,5772200,1,5778100,100,5771500,100
34527.13436,1,23804744,100,5772200,1,5778100,100,5772200,100
34532.13005,3,23804744,100,5772200,1,5778100,100,5771500,100
34532.13021,1,23876371,100,5774100,1,5778100,100,5774100,100
34533.56452,1,23896858,100,5777400,-1,5777400,100,5774100,100
34536.00464,3,23896858,100,5777400,-1,5778100,100,5774100,100
34536.02053,5,0,6,5774700,1,5778100,100,5774100,100
34536.02053,4,23876371,94,5774100,1,5778100,100,5774100,6
34536.02276,4,23876371,6,5774100,1,5778100,100,5771500,100
34537.56993,1,23942060,100,5778100,-1,5778100,200,5771500,100
34538.56146,1,23953900,100,5776700,-1,5776700,100,5771500,100
34538.56165,1,23953902,100,5776700,-1,5776700,200,5771500,100
34538.74935,3,23953902,100,5776700,-1,5776700,100,5771500,100
34540.20805,5,0,83,5773600,-1,5776700,100,5771500,100
34542.46047,1,24011957,2000,5771500,1,5776700,100,5771500,2100
34542.46166,1,24011968,100,5771600,1,5776700,100,5771600,100
34548.54413,3,24011968,100,5771600,1,5776700,100,5771500,2100
34556.71705,1,24232953,100,5776700,-1,5776700,200,5771500,2100
34557.67632,3,24232953,100,5776700,-1,5776700,100,5771500,2100
34559.17047,1,24263123,100,5772000,1,5776700,100,5772000,100
34559.27495,1,24268287,100,5772200,1,5776700,100,5772200,100
34563.15348,4,23953900,100,5776700,-1,5779300,100,5772200,100
34563.15402,3,24027354,100,5779300,-1,5780000,1200,5772200,100
34563.15402,1,24329874,100,5780000,-1,5780000,1300,5772200,100
34563.16508,5,0,100,5777300,-1,5780000,1300,5772200,100
34563.95565,5,0,200,5772800,1,5780000,1300,5772200,100
34563.95565,5,0,100,5772300,1,5780000,1300,5772200,100
34563.96098,5,0,100,5772300,1,5780000,1300,5772200,100
34563.96098,5,0,100,5772300,1,5780000,1300,5772200,100
34563.96098,5,0,200,5772300,1,5780000,1300,5772200,100
34563.96098,4,24268287,100,5772200,1,5780000,1300,5772000,100
34563.98326,1,24340911,100,5774800,-1,5774800,100,5772000,100
34563.98956,3,24340911,100,5774800,-1,5780000,1300,5772000,100
34563.98969,5,0,100,5772600,1,5780000,1300,5772000,100
34563.98991,1,24341020,100,5772200,-1,5772200,100,5772000,100
34563.99001,4,24341020,100,5772200,-1,5780000,1300,5772000,100
34563.99001,5,0,17,5772200,-1,5780000,1300,5772000,100
34563.99002,5,0,100,5772200,-1,5780000,1300,5772000,100
34563.99002,5,0,100,5772200,-1,5780000,1300,5772000,100
34563.99003,5,0,200,5772200,-1,5780000,1300,5772000,100
34563.99004,5,0,100,5772200,-1,5780000,1300,5772000,100
34563.99004,5,0,100,5772200,-1,5780000,1300,5772000,100
34563.99004,5,0,100,5772200,-1,5780000,1300,5772000,100
34563.99013,5,0,100,5772200,-1,5780000,1300,5772000,100
34563.99015,5,0,200,5772200,-1,5780000,1300,5772000,100
34563.99027,1,24341059,100,5772200,-1,5772200,100,5772000,100
34563.99036,4,24341059,100,5772200,-1,5780000,1300,5772000,100
34563.99037,5,0,300,5772200,-1,5780000,1300,5772000,100
34563.99037,5,0,103,5772200,-1,5780000,1300,5772000,100
34563.99038,5,0,100,5772200,-1,5780000,1300,5772000,100
34563.99039,5,0,100,5772200,-1,5780000,1300,5772000,100
34563.99051,5,0,100,5772200,-1,5780000,1300,5772000,100
34563.99062,1,24341104,100,5772200,-1,5772200,100,5772000,100
34563.99071,4,24341104,54,5772200,-1,5772200,46,5772000,100
34563.99071,4,24341104,46,5772200,-1,5780000,1300,5772000,100
34563.99071,5,0,54,5772200,-1,5780000,1300,5772000,100
34563.99072,5,0,100,5772200,-1,5780000,1300,5772000,100
34563.99075,3,24263123,100,5772000,1,5780000,1300,5771500,2100
34563.99095,1,24341129,100,5772200,-1,5772200,100,5771500,2100
34563.99103,4,24341129,100,5772200,-1,5780000,1300,5771500,2100
34563.99126,1,24341154,100,5772200,-1,5772200,100,5771500,2100
34563.9915,4,24341154,100,5772200,-1,5780000,1300,5771500,2100
34563.99172,1,24341184,100,5772200,-1,5772200,100,5771500,2100
34563.99183,4,24341184,100,5772200,-1,5780000,1300,5771500,2100
34563.99205,1,24341203,100,5772200,-1,5772200,100,5771500,2100
34563.99248,4,24341203,100,5772200,-1,5780000,1300,5771500,2100
34563.9927,1,24341255,100,5772200,-1,5772200,100,5771500,2100
34563.99344,4,23295588,100,5771500,1,5772200,100,5771500,2000
34563.99598,4,24341255,100,5772200,-1,5780000,1300,5771500,2000
34563.99622,1,24341384,100,5772200,-1,5772200,100,5771500,2000
34563.99656,4,24011957,800,5771500,1,5772200,100,5771500,1200
34563.99789,4,24341384,100,5772200,-1,5780000,1300,5771500,1200
34563.9981,1,24341455,100,5772200,-1,5772200,100,5771500,1200
34564.00919,5,0,47,5772100,-1,5772200,100,5771500,1200
34564.06388,5,0,100,5772100,-1,5772200,100,5771500,1200
34564.07673,3,24341455,100,5772200,-1,5780000,1300,5771500,1200
34564.07711,1,24342718,100,5772200,-1,5772200,100,5771500,1200
34564.0892,3,24342718,100,5772200,-1,5780000,1300,5771500,1200
34564.08957,1,24342914,100,5772200,-1,5772200,100,5771500,1200
34564.09285,3,24342914,100,5772200,-1,5780000,1300,5771500,1200
34564.09319,1,24342978,100,5772200,-1,5772200,100,5771500,1200
34564.9903,5,0,53,5772100,-1,5772200,100,5771500,1200
34564.9903,5,0,47,5772100,-1,5772200,100,5771500,1200
34565.00707,5,0,53,5772100,-1,5772200,100,5771500,1200
34565.00707,5,0,47,5772100,-1,5772200,100,5771500,1200
34565.17931,5,0,53,5772100,-1,5772200,100,5771500,1200
34565.17931,4,24342978,100,5772200,-1,5780000,1300,5771500,1200
34565.17931,5,0,957,5772200,-1,5780000,1300,5771500,1200
34565.17956,1,24354540,100,5772200,-1,5772200,100,5771500,1200
34565.18018,4,24354540,53,5772200,-1,5772200,47,5771500,1200
34565.18038,1,24354595,100,5772200,-1,5772200,147,5771500,1200
34565.18045,4,24354540,47,5772200,-1,5772200,100,5771500,1200
34565.18076,4,24354595,100,5772200,-1,5780000,1300,5771500,1200
34565.18097,1,24354638,100,5772200,-1,5772200,100,5771500,1200
34565.18106,4,24354638,13,5772200,-1,5772200,87,5771500,1200
34565.1813,1,24354652,100,5772200,-1,5772200,187,5771500,1200
34565.18179,4,24354638,87,5772200,-1,5772200,100,5771500,1200
34565.18179,4,24354652,13,5772200,-1,5772200,87,5771500,1200
34565.18201,1,24354681,100,5772200,-1,5772200,187,5771500,1200
34565.22632,3,24354652,87,5772200,-1,5772200,100,5771500,1200
34565.22633,3,24354681,100,5772200,-1,5780000,1300,5771500,1200
34565.22667,1,24355260,100,5772200,-1,5772200,100,5771500,1200
34565.23244,3,24355260,100,5772200,-1,5780000,1300,5771500,1200
34565.2328,1,24355348,100,5772200,-1,5772200,100,5771500,1200
34565.23583,3,24355348,100,5772200,-1,5780000,1300,5771500,1200
34565.23617,1,24355400,100,5772200,-1,5772200,100,5771500,1200
34565.25661,3,24355400,100,5772200,-1,5780000,1300,5771500,1200
34565.25695,1,24355676,100,5772400,-1,5772400,100,5771500,1200
34565.26009,3,24355676,100,5772400,-1,5780000,1300,5771500,1200
34565.26042,1,24355764,100,5772200,-1,5772200,100,5771500,1200
34565.44865,4,24355764,100,5772200,-1,5780000,1300,5771500,1200
34565.44888,1,24359166,100,5772200,-1,5772200,100,5771500,1200
34565.47177,4,24011957,100,5771500,1,5772200,100,5771500,1100
34565.47187,4,24011957,100,5771500,1,5772200,100,5771500,1000
34565.47196,4,24011957,200,5771500,1,5772200,100,5771500,800
34565.47204,4,24011957,800,5771500,1,5772200,100,5770600,100
34565.47277,5,0,2,5771100,1,5772200,100,5770600,100
34565.47277,5,0,2,5770900,1,5772200,100,5770600,100
34565.47277,4,23924525,96,5770600,1,5772200,100,5770600,4
34565.47934,4,23924525,4,5770600,1,5772200,100,5768400,65
34569.55405,1,24432815,60,5770900,-1,5770900,60,5768400,65
34569.8489,4,22757243,65,5768400,1,5770900,60,5766000,100
34569.97849,1,24441197,1000,5766600,1,5770900,60,5766600,1000
34571.55893,3,24432815,60,5770900,-1,5772200,100,5766600,1000
34571.55911,1,24463989,60,5770400,-1,5770400,60,5766600,1000
34572.69756,1,24487973,60,5766600,1,5770400,60,5766600,1060
34574.57554,1,24510681,200,5770400,-1,5770400,260,5766600,1060
34574.60183,3,24463989,60,5770400,-1,5770400,200,5766600,1060
34574.60203,1,24511032,60,5770000,-1,5770000,60,5766600,1060
34574.98048,3,24441197,1000,5766600,1,5770000,60,5766600,60
34576.97774,5,0,48,5769900,-1,5770000,60,5766600,60
34576.97841,4,24511032,60,5770000,-1,5770400,200,5766600,60
34576.97888,5,0,200,5770300,-1,5770400,200,5766600,60
34576.97917,5,0,50,5770300,-1,5770400,200,5766600,60
34576.97917,4,24510681,90,5770400,-1,5770400,110,5766600,60
34576.9841,5,0,110,5770000,-1,5770400,110,5766600,60
34576.98422,5,0,15,5770000,-1,5770400,110,5766600,60
34576.98422,5,0,75,5770300,-1,5770400,110,5766600,60
34577.17635,5,0,100,5770300,-1,5770400,110,5766600,60
34577.17648,5,0,25,5770300,-1,5770400,110,5766600,60
34577.17648,5,0,85,5770300,-1,5770400,110,5766600,60
34577.18671,5,0,100,5770300,-1,5770400,110,5766600,60
34577.1868,5,0,15,5770300,-1,5770400,110,5766600,60
34577.1868,4,24510681,40,5770400,-1,5770400,70,5766600,60
34577.18704,1,24568937,100,5770400,-1,5770400,170,5766600,60
34577.18773,4,24510681,70,5770400,-1,5770400,100,5766600,60
34577.18773,4,24568937,30,5770400,-1,5770400,70,5766600,60
34577.59327,4,24568937,70,5770400,-1,5772200,100,5766600,60
34583.54797,1,24727007,70,5771000,-1,5771000,70,5766600,60
34585.08807,1,24761381,50,5766700,1,5771000,70,5766700,50
34585.64226,1,24790131,100,5766800,1,5771000,70,5766800,100
34585.64242,1,24790135,100,5766800,1,5771000,70,5766800,200
34585.6448,1,24790231,3,5766800,1,5771000,70,5766800,203
34585.6454,1,24790247,50,5766900,1,5771000,70,5766900,50
34585.65875,4,24727007,70,5771000,-1,5772200,100,5766900,50
34588.67842,4,24359166,100,5772200,-1,5780000,1200,5766900,50
34588.67868,1,24848897,100,5772200,-1,5772200,100,5766900,50
34588.68097,4,24848897,100,5772200,-1,5780000,1200,5766900,50
34588.68097,5,0,42,5772200,-1,5780000,1200,5766900,50
34588.68127,1,24849651,100,5772200,-1,5772200,100,5766900,50
34588.69518,1,24851666,100,5768200,1,5772200,100,5768200,100
34588.69705,4,24849651,100,5772200,-1,5780000,1200,5768200,100
34588.69743,1,24851920,100,5777700,-1,5777700,100,5768200,100
34588.6975,1,24851927,100,5772200,-1,5772200,100,5768200,100
34588.69855,1,24852081,50,5768300,1,5772200,100,5768300,50
34588.71327,1,24854596,3,5768400,1,5772200,100,5768400,3
34588.71596,1,24854892,50,5768500,1,5772200,100,5768500,50
34588.72627,4,24851927,3,5772200,-1,5772200,97,5768500,50
34588.72656,1,24856415,100,5772200,-1,5772200,197,5768500,50
34588.72864,1,24856648,100,5768900,1,5772200,197,5768900,100
34588.73122,1,24856864,50,5769000,1,5772200,197,5769000,50
34590.43644,4,24851927,97,5772200,-1,5772200,100,5769000,50
34590.43644,4,24856415,3,5772200,-1,5772200,97,5769000,50
34590.43671,1,24893665,100,5772200,-1,5772200,197,5769000,50
34591.4547,4,24856415,97,5772200,-1,5772200,100,5769000,50
34591.4547,4,24893665,100,5772200,-1,5777700,100,5769000,50
34591.4547,5,0,100,5772200,-1,5777700,100,5769000,50
34591.45483,5,0,100,5772200,-1,5777700,100,5769000,50
34591.45484,5,0,100,5772200,-1,5777700,100,5769000,50
34591.45502,1,24908838,100,5772200,-1,5772200,100,5769000,50
34591.45515,4,24908838,100,5772200,-1,5777700,100,5769000,50
34591.45544,1,24909002,100,5772200,-1,5772200,100,5769000,50
34591.45595,4,24909002,12,5772200,-1,5772200,88,5769000,50
34591.45619,1,24909224,100,5772200,-1,5772200,188,5769000,50
34591.45692,4,24909002,88,5772200,-1,5772200,100,5769000,50
34591.45692,4,24909224,12,5772200,-1,5772200,88,5769000,50
34591.45722,1,24909454,100,5772200,-1,5772200,188,5769000,50
34591.4622,1,24911174,100,5771600,1,5772200,188,5771600,100
34591.46566,4,24909224,88,5772200,-1,5772200,100,5771600,100
34591.46566,4,24909454,100,5772200,-1,5777800,100,5771600,100
34591.46596,1,24912025,100,5772200,-1,5772200,100,5771600,100
34591.93943,4,24911174,100,5771600,1,5772200,100,5766600,60
34592.6032,1,24938542,200,5771700,-1,5771700,200,5766600,60
34592.60455,1,24938586,100,5771700,-1,5771700,300,5766600,60
34592.69582,3,24938586,100,5771700,-1,5771700,200,5766600,60
34598.06991,3,24938542,200,5771700,-1,5772200,100,5766600,60
34599.0058,1,25045773,100,5772200,-1,5772200,200,5766600,60
34599.89971,1,25064301,100,5772000,-1,5772000,100,5766600,60
34603.46812,1,25120395,100,5767200,1,5772000,100,5767200,100
34605.32494,1,25151694,100,5771300,-1,5771300,100,5767200,100
34607.54155,4,25120395,100,5767200,1,5771300,100,5766600,60
34607.5417,4,24487973,60,5766600,1,5771300,100,5766000,300
34607.5417,5,0,4,5766600,1,5771300,100,5766000,300
34607.5419,5,0,2,5766100,1,5771300,100,5766000,300
34607.5419,4,13839901,34,5766000,1,5771300,100,5766000,266
34607.54289,4,13839901,66,5766000,1,5771300,100,5766000,200
34607.54289,4,24557890,34,5766000,1,5771300,100,5766000,166
34607.54298,4,24557890,100,5766000,1,5771300,100,5766000,66
34607.54299,4,24557890,66,5766000,1,5771300,100,5762500,1
34607.54299,5,0,34,5766000,1,5771300,100,5762500,1
34607.54319,1,25175900,66,5766000,1,5771300,100,5766000,66
34607.54616,3,25175900,66,5766000,1,5771300,100,5762500,1
34607.74367,1,25178214,100,5762600,1,5771300,100,5762600,100
34607.75463,1,25178282,100,5762700,1,5771300,100,5762700,100
34607.75597,1,25178291,100,5763200,1,5771300,100,5763200,100
34607.82786,1,25178959,100,5764100,1,5771300,100,5764100,100
34608.88289,1,25191989,100,5771200,-1,5771200,100,5764100,100
34610.26152,3,25178959,100,5764100,1,5771200,100,5762500,1
34610.2621,1,25206632,100,5763200,1,5771200,100,5763200,100
34610.28076,1,25207867,100,5764000,1,5771200,100,5764000,100
34610.3063,3,25207867,100,5764000,1,5771200,100,5762500,1
34610.30691,1,25212368,100,5763200,1,5771200,100,5763200,100
34610.32083,1,25213013,100,5764000,1,5771200,100,5764000,100
34610.32269,3,25213013,100,5764000,1,5771200,100,5762500,1
34610.32329,1,25213117,100,5763200,1,5771200,100,5763200,100
34610.3538,1,25214174,100,5764000,1,5771200,100,5764000,100
34611.94491,5,0,25,5764100,1,5771200,100,5764000,100
34611.94661,3,25214174,100,5764000,1,5771200,100,5762500,1
34611.9472,1,25234891,100,5763200,1,5771200,100,5763200,100
34611.95503,1,25234958,10,5764100,1,5771200,100,5764100,10
34612.00481,1,25235555,100,5764400,1,5771200,100,5764400,100
34612.00548,3,25235555,100,5764400,1,5771200,100,5764100,10
34613.65935,1,25278194,100,5770700,-1,5770700,100,5764100,10
34615.40759,1,25307527,100,5770700,-1,5770700,200,5764100,10
34617.57918,1,25340641,100,5764200,1,5770700,200,5764200,100
34617.57985,3,25340641,100,5764200,1,5770700,200,5763300,100
34617.58048,1,25340654,100,5763400,1,5770700,200,5763400,100
34617.60888,1,25340921,100,5764200,1,5770700,200,5764200,100
34617.61242,3,25340921,100,5764200,1,5770700,200,5763300,100
34617.61301,1,25341062,100,5763400,1,5770700,200,5763400,100
34617.64205,1,25341494,100,5764100,1,5770700,200,5764100,100
34617.75026,3,25341494,100,5764100,1,5770700,200,5763300,100
34618.57841,1,25356583,100,5763400,1,5770700,200,5763400,100
34618.71987,1,25357996,100,5764200,1,5770700,200,5764200,100
34618.7249,3,25357996,100,5764200,1,5770700,200,5763300,100
34618.72552,1,25358090,100,5763400,1,5770700,200,5763400,100
34618.75514,1,25358350,100,5764200,1,5770700,200,5764200,100
34618.75589,3,25358350,100,5764200,1,5770700,200,5763300,100
34618.75648,1,25358364,100,5763400,1,5770700,200,5763400,100
34618.78512,1,25358575,100,5764200,1,5770700,200,5764200,100
34618.78861,3,25358575,100,5764200,1,5770700,200,5763300,100
34618.7892,1,25358611,100,5763400,1,5770700,200,5763400,100
34618.82014,1,25358840,100,5764100,1,5770700,200,5764100,100
34619.54977,3,25358840,100,5764100,1,5770700,200,5762500,1
34619.55035,1,25367564,100,5763200,1,5770700,200,5763200,100
34619.58111,1,25368010,100,5764000,1,5770700,200,5764000,100
34619.66509,3,25368010,100,5764000,1,5770700,200,5762500,1
34619.66568,1,25369512,100,5763200,1,5770700,200,5763200,100
34619.69581,1,25370397,100,5764000,1,5770700,200,5764000,100
34619.69657,3,25370397,100,5764000,1,5770700,200,5762500,1
34619.69715,1,25370460,100,5763200,1,5770700,200,5763200,100
34619.7169,1,25370720,100,5764000,1,5770700,200,5764000,100
34619.71765,3,25370720,100,5764000,1,5770700,200,5762500,1
34619.71823,1,25370739,100,5763200,1,5770700,200,5763200,100
34619.74683,1,25371214,100,5764000,1,5770700,200,5764000,100
34619.74761,3,25371214,100,5764000,1,5770700,200,5762500,1
34619.74821,1,25371233,100,5763200,1,5770700,200,5763200,100
34619.77784,1,25371913,100,5764000,1,5770700,200,5764000,100
34619.77864,3,25371913,100,5764000,1,5770700,200,5762500,1
34619.77922,1,25371933,100,5763200,1,5770700,200,5763200,100
34619.80894,1,25372269,100,5764000,1,5770700,200,5764000,100
34619.8097,3,25372269,100,5764000,1,5770700,200,5762500,1
34619.81033,1,25372287,100,5763200,1,5770700,200,5763200,100
34619.84011,1,25372737,100,5764000,1,5770700,200,5764000,100
34619.84087,3,25372737,100,5764000,1,5770700,200,5762500,1
34619.84147,1,25372764,100,5763200,1,5770700,200,5763200,100
34619.87085,1,25373174,100,5764000,1,5770700,200,5764000,100
34619.8716,3,25373174,100,5764000,1,5770700,200,5762500,1
34619.87221,1,25373205,100,5763200,1,5770700,200,5763200,100
34619.90086,1,25373592,100,5764000,1,5770700,200,5764000,100
34619.90162,3,25373592,100,5764000,1,5770700,200,5762500,1
34619.90227,1,25373620,100,5763200,1,5770700,200,5763200,100
34619.93112,1,25374128,100,5764000,1,5770700,200,5764000,100
34619.93187,3,25374128,100,5764000,1,5770700,200,5762500,1
34619.93248,1,25374152,100,5763200,1,5770700,200,5763200,100
34619.96285,1,25374335,100,5764000,1,5770700,200,5764000,100
34619.96351,3,25374335,100,5764000,1,5770700,200,5762500,1
34619.96411,1,25374344,100,5763200,1,5770700,200,5763200,100
34619.99278,1,25374524,100,5764000,1,5770700,200,5764000,100
34619.99352,3,25374524,100,5764000,1,5770700,200,5762500,1
34619.99412,1,25374528,100,5763200,1,5770700,200,5763200,100
34620.0248,1,25375462,100,5764000,1,5770700,200,5764000,100
34620.02556,3,25375462,100,5764000,1,5770700,200,5762500,1
34620.02615,1,25375491,100,5763200,1,5770700,200,5763200,100
34620.05683,1,25376106,100,5764000,1,5770700,200,5764000,100
34620.05758,3,25376106,100,5764000,1,5770700,200,5762500,1
34620.0582,1,25376131,100,5763200,1,5770700,200,5763200,100
34620.08699,1,25376788,100,5764000,1,5770700,200,5764000,100
34620.08774,3,25376788,100,5764000,1,5770700,200,5762500,1
34620.08835,1,25376827,100,5763200,1,5770700,200,5763200,100
34620.11891,1,25377261,100,5764000,1,5770700,200,5764000,100
34620.11958,3,25377261,100,5764000,1,5770700,200,5762500,1
34620.12019,1,25377281,100,5763200,1,5770700,200,5763200,100
34620.14982,1,25377620,100,5764000,1,5770700,200,5764000,100
34620.15057,3,25377620,100,5764000,1,5770700,200,5762500,1
34620.15117,1,25377634,100,5763200,1,5770700,200,5763200,100
34620.1828,1,25377990,100,5764000,1,5770700,200,5764000,100
34620.18357,3,25377990,100,5764000,1,5770700,200,5762500,1
34620.18418,1,25378063,100,5763200,1,5770700,200,5763200,100
34620.21786,1,25378726,100,5764000,1,5770700,200,5764000,100
34620.2186,3,25378726,100,5764000,1,5770700,200,5762500,1
34620.21922,1,25378738,100,5763200,1,5770700,200,5763200,100
34620.24898,1,25379147,100,5764000,1,5770700,200,5764000,100
34620.24967,3,25379147,100,5764000,1,5770700,200,5762500,1
34620.25028,1,25379189,100,5763200,1,5770700,200,5763200,100
34620.27913,1,25379480,100,5764000,1,5770700,200,5764000,100
34620.27989,3,25379480,100,5764000,1,5770700,200,5762500,1
34620.28052,1,25379495,100,5763200,1,5770700,200,5763200,100
34620.31181,1,25379951,100,5764000,1,5770700,200,5764000,100
34620.31267,3,25379951,100,5764000,1,5770700,200,5762500,1
34620.31328,1,25379963,100,5763200,1,5770700,200,5763200,100
34620.34292,1,25380356,100,5764000,1,5770700,200,5764000,100
34620.34367,3,25380356,100,5764000,1,5770700,200,5762500,1
34620.34429,1,25380374,100,5763200,1,5770700,200,5763200,100
34620.3738,1,25380694,100,5764000,1,5770700,200,5764000,100
34620.37452,3,25380694,100,5764000,1,5770700,200,5762500,1
34620.37514,1,25380711,100,5763200,1,5770700,200,5763200,100
34620.40485,1,25381089,100,5764000,1,5770700,200,5764000,100
34620.40552,3,25381089,100,5764000,1,5770700,200,5762500,1
34620.4061,1,25381113,100,5763200,1,5770700,200,5763200,100
34620.4348,1,25381452,100,5764000,1,5770700,200,5764000,100
34620.43554,3,25381452,100,5764000,1,5770700,200,5762500,1
34620.43612,1,25381470,100,5763200,1,5770700,200,5763200,100
34620.46683,1,25381812,100,5764000,1,5770700,200,5764000,100
34620.46757,3,25381812,100,5764000,1,5770700,200,5762500,1
34620.46816,1,25381856,100,5763200,1,5770700,200,5763200,100
34620.50007,1,25382211,100,5764000,1,5770700,200,5764000,100
34620.50082,3,25382211,100,5764000,1,5770700,200,5762500,1
34620.50143,1,25382233,100,5763200,1,5770700,200,5763200,100
34620.5301,1,25382523,100,5764000,1,5770700,200,5764000,100
34620.53085,3,25382523,100,5764000,1,5770700,200,5762500,1
34620.53147,1,25382568,100,5763200,1,5770700,200,5763200,100
34620.56305,1,25383145,100,5764000,1,5770700,200,5764000,100
34620.56381,3,25383145,100,5764000,1,5770700,200,5762500,1
34620.56443,1,25383186,100,5763200,1,5770700,200,5763200,100
34620.59445,1,25383781,100,5764000,1,5770700,200,5764000,100
34620.5952,3,25383781,100,5764000,1,5770700,200,5762500,1
34620.59579,1,25383802,100,5763200,1,5770700,200,5763200,100
34620.6238,1,25384116,100,5764000,1,5770700,200,5764000,100
34620.62455,3,25384116,100,5764000,1,5770700,200,5762500,1
34620.62514,1,25384135,100,5763200,1,5770700,200,5763200,100
34620.65481,1,25384571,100,5764000,1,5770700,200,5764000,100
34620.65556,3,25384571,100,5764000,1,5770700,200,5762500,1
34620.65615,1,25384583,100,5763200,1,5770700,200,5763200,100
34620.65939,3,25278194,100,5770700,-1,5770700,100,5763200,100
34620.68485,1,25384880,100,5764000,1,5770700,100,5764000,100
34620.68561,3,25384880,100,5764000,1,5770700,100,5762500,1
34620.68622,1,25384900,100,5763200,1,5770700,100,5763200,100
34620.71492,1,25385281,100,5764000,1,5770700,100,5764000,100
34620.71567,3,25385281,100,5764000,1,5770700,100,5762500,1
34620.71625,1,25385295,100,5763200,1,5770700,100,5763200,100
34620.74607,1,25385553,100,5764000,1,5770700,100,5764000,100
34620.74685,3,25385553,100,5764000,1,5770700,100,5762500,1
34620.74747,1,25385575,100,5763200,1,5770700,100,5763200,100
34620.77885,1,25385808,100,5764000,1,5770700,100,5764000,100
34620.77961,3,25385808,100,5764000,1,5770700,100,5762500,1
34620.78024,1,25385825,100,5763200,1,5770700,100,5763200,100
34620.81083,1,25386221,100,5764000,1,5770700,100,5764000,100
34620.81153,3,25386221,100,5764000,1,5770700,100,5762500,1
34620.81213,1,25386260,100,5763200,1,5770700,100,5763200,100
34620.84212,1,25386555,100,5764000,1,5770700,100,5764000,100
34620.84278,3,25386555,100,5764000,1,5770700,100,5762500,1
34620.8434,1,25386568,100,5763200,1,5770700,100,5763200,100
34620.87282,1,25386937,100,5764000,1,5770700,100,5764000,100
34620.87349,3,25386937,100,5764000,1,5770700,100,5762500,1
34620.87411,1,25386947,100,5763200,1,5770700,100,5763200,100
34620.90314,1,25387229,100,5764000,1,5770700,100,5764000,100
34620.90389,3,25387229,100,5764000,1,5770700,100,5762500,1
34620.90449,1,25387240,100,5763200,1,5770700,100,5763200,100
34620.93287,1,25387546,100,5764000,1,5770700,100,5764000,100
34620.93361,3,25387546,100,5764000,1,5770700,100,5762500,1
34620.93421,1,25387565,100,5763200,1,5770700,100,5763200,100
34620.96284,1,25387866,100,5764000,1,5770700,100,5764000,100
34620.96358,3,25387866,100,5764000,1,5770700,100,5762500,1
34620.96419,1,25387875,100,5763200,1,5770700,100,5763200,100
34620.99586,1,25388206,100,5764000,1,5770700,100,5764000,100
34620.99654,3,25388206,100,5764000,1,5770700,100,5762500,1
34620.99715,1,25388224,100,5763200,1,5770700,100,5763200,100
34621.02592,1,25388698,100,5764000,1,5770700,100,5764000,100
34621.02666,3,25388698,100,5764000,1,5770700,100,5762500,1
34621.02729,1,25388719,100,5763200,1,5770700,100,5763200,100
34621.05609,1,25389273,100,5764000,1,5770700,100,5764000,100
34621.05676,3,25389273,100,5764000,1,5770700,100,5762500,1
34621.05739,1,25389287,100,5763200,1,5770700,100,5763200,100
34621.08717,1,25389595,100,5764000,1,5770700,100,5764000,100
34621.08792,3,25389595,100,5764000,1,5770700,100,5762500,1
34621.08856,1,25389621,100,5763200,1,5770700,100,5763200,100
34621.11701,1,25389916,100,5764000,1,5770700,100,5764000,100
34621.11776,3,25389916,100,5764000,1,5770700,100,5762500,1
34621.11838,1,25389929,100,5763200,1,5770700,100,5763200,100
34621.1471,1,25390335,100,5764000,1,5770700,100,5764000,100
34621.14785,3,25390335,100,5764000,1,5770700,100,5762500,1
